<record><header><identifier>oai:alma.41SLSP_UGE:991000014649705502</identifier><datestamp>2024-02-06T01:22:13Z</datestamp><setSpec>uge_bcen_RapidILL_BOOK</setSpec><setSpec>uge_aaca_RapidILL_BOOK</setSpec><setSpec>uge_abels_RapidILL_BOOK</setSpec><setSpec>uge_dbu_RapidILL_BOOK</setSpec><setSpec>uge_cmu_RapidILL_BOOK</setSpec><setSpec>uge_mail_RapidILL_BOOK</setSpec><setSpec>uge_abbat_RapidILL_BOOK</setSpec><setSpec>UNIGE_ALL</setSpec><setSpec>uge_aobs_RapidILL_BOOK</setSpec><setSpec>uge_acar_RapidILL_BOOK</setSpec></header><metadata>
<record xmlns="http://www.loc.gov/MARC21/slim" xmlns:xsi="http://www.w3.org/2001/XMLSchema-instance" xsi:schemaLocation="http://www.loc.gov/MARC21/slim http://www.loc.gov/standards/marcxml/schema/MARC21slim.xsd"><leader>02831nam a2200697 c 4500</leader><controlfield tag="001">991000014649705502</controlfield><controlfield tag="005">20240205094813.0</controlfield><controlfield tag="008">201011s2006    fr ||||| |||| 00| ||fre d</controlfield><datafield ind1=" " ind2=" " tag="020"><subfield code="a">9782745311771</subfield></datafield><datafield ind1=" " ind2=" " tag="020"><subfield code="a">2745311778</subfield></datafield><datafield ind1=" " ind2=" " tag="035"><subfield code="a">(swissbib)22067101X-41slsp_network</subfield></datafield><datafield ind1=" " ind2=" " tag="035"><subfield code="a">22067101X</subfield><subfield code="9">ExL</subfield></datafield><datafield ind1=" " ind2=" " tag="035"><subfield code="a">(RERO)R004149522-41slsp</subfield></datafield><datafield ind1=" " ind2=" " tag="035"><subfield code="a">(NEBIS)005217920EBI01</subfield></datafield><datafield ind1=" " ind2=" " tag="035"><subfield code="a">(IDSBB)004015799DSV01</subfield></datafield><datafield ind1=" " ind2=" " tag="035"><subfield code="a">(EXLNZ-41SLSP_NETWORK)991069639959705501</subfield></datafield><datafield ind1=" " ind2=" " tag="040"><subfield code="a">RERO frbcuc</subfield><subfield code="d">CH-ZuSLS</subfield></datafield><datafield ind1=" " ind2=" " tag="044"><subfield code="a">sz</subfield><subfield code="c">ch-ge</subfield></datafield><datafield ind1=" " ind2="7" tag="072"><subfield code="a">fr</subfield><subfield code="2">rero</subfield></datafield><datafield ind1=" " ind2="7" tag="072"><subfield code="a">rs</subfield><subfield code="2">SzZuIDS BS/BE</subfield></datafield><datafield ind1=" " ind2="7" tag="072"><subfield code="a">fr</subfield><subfield code="2">SzZuIDS BS/BE</subfield></datafield><datafield ind1="1" ind2=" " tag="080"><subfield code="a">840&quot;08/14&quot;CHA.G7Liv</subfield></datafield><datafield ind1="0" ind2="4" tag="082"><subfield code="a">843</subfield></datafield><datafield ind1="1" ind2="4" tag="082"><subfield code="a">848.1</subfield><subfield code="2">22</subfield></datafield><datafield ind1="1" ind2="4" tag="082"><subfield code="a">944</subfield><subfield code="2">1</subfield></datafield><datafield ind1=" " ind2=" " tag="084"><subfield code="a">IE 5173</subfield><subfield code="2">rvk</subfield></datafield><datafield ind1="1" ind2=" " tag="100"><subfield code="a">Chastellain, Georges</subfield><subfield code="d">1405-1475</subfield><subfield code="0">(IDREF)026781751</subfield><subfield code="4">cre</subfield></datafield><datafield ind1="1" ind2="0" tag="245"><subfield code="a">&lt;&lt;Le&gt;&gt; livre de paix</subfield><subfield code="c">George Chastelain ; éd. par Tania Van Hemelryck</subfield></datafield><datafield ind1=" " ind2="1" tag="264"><subfield code="a">Paris</subfield><subfield code="b">H. Champion</subfield><subfield code="a">Genève</subfield><subfield code="b">diff. Slatkine</subfield><subfield code="c">2006</subfield></datafield><datafield ind1=" " ind2=" " tag="300"><subfield code="a">185 p. ; 18 cm</subfield></datafield><datafield ind1=" " ind2=" " tag="336"><subfield code="b">txt</subfield><subfield code="2">rdacontent</subfield></datafield><datafield ind1=" " ind2=" " tag="337"><subfield code="b">n</subfield><subfield code="2">rdamedia</subfield></datafield><datafield ind1=" " ind2=" " tag="338"><subfield code="b">nc</subfield><subfield code="2">rdacarrier</subfield></datafield><datafield ind1="1" ind2=" " tag="490"><subfield code="a">Les classiques français du moyen âge</subfield><subfield code="v">148</subfield></datafield><datafield ind1=" " ind2=" " tag="500"><subfield code="a">Betrifft die Handschrift Cod. 568 der Burgerbibliothek Bern (Rez. in: Scriptorium 60(2006), S. 182*).</subfield><subfield code="5">B440</subfield></datafield><datafield ind1=" " ind2=" " tag="504"><subfield code="a">Bibliogr.: p. [65]-67</subfield></datafield><datafield ind1="1" ind2="7" tag="600"><subfield code="a">Chastellain, Georges</subfield><subfield code="d">1405-1475</subfield><subfield code="0">(DE-588)118669133</subfield><subfield code="2">gnd</subfield></datafield><datafield ind1="1" ind2="7" tag="600"><subfield code="a">Chastellain, Georges</subfield><subfield code="d">1405-1475</subfield><subfield code="t">&lt;&lt;Le&gt;&gt; livre de paix</subfield><subfield code="0">(DE-588)7540826-0</subfield><subfield code="2">gnd</subfield></datafield><datafield ind1="0" ind2="0" tag="600"><subfield code="a">Charles</subfield><subfield code="c">Duke of Burgundy</subfield><subfield code="d">1433-1477</subfield></datafield><datafield ind1="0" ind2="0" tag="600"><subfield code="a">Louis</subfield><subfield code="b">XI</subfield><subfield code="c">King of France</subfield><subfield code="d">1423-1483</subfield></datafield><datafield ind1=" " ind2="7" tag="648"><subfield code="a">Geschichte 1468</subfield><subfield code="2">gnd</subfield></datafield><datafield ind1=" " ind2="7" tag="650"><subfield code="a">Mittelfranzösisch</subfield><subfield code="2">idszbz</subfield></datafield><datafield ind1=" " ind2="7" tag="650"><subfield code="a">Traktat</subfield><subfield code="2">idszbz</subfield></datafield><datafield ind1=" " ind2="7" tag="650"><subfield code="a">Vertrag</subfield><subfield code="0">(DE-588)4063270-2</subfield><subfield code="2">gnd</subfield></datafield><datafield ind1=" " ind2="0" tag="650"><subfield code="a">Literature, Medieval</subfield><subfield code="x">History and criticism</subfield></datafield><datafield ind1=" " ind2="7" tag="650"><subfield code="a">Traktat</subfield><subfield code="x">Mittelfranzösisch</subfield><subfield code="v">Ausgabe</subfield><subfield code="2">idszbz</subfield></datafield><datafield ind1=" " ind2="7" tag="651"><subfield code="a">Péronne</subfield><subfield code="0">(DE-588)4115908-1</subfield><subfield code="2">gnd</subfield></datafield><datafield ind1=" " ind2="0" tag="651"><subfield code="a">Burgundy (France)</subfield><subfield code="x">History</subfield><subfield code="y">House of Valois, 1363-1477</subfield><subfield code="v">Sources</subfield></datafield><datafield ind1=" " ind2="0" tag="651"><subfield code="a">France</subfield><subfield code="x">History</subfield><subfield code="y">15th century</subfield></datafield><datafield ind1=" " ind2="0" tag="651"><subfield code="a">France</subfield><subfield code="x">History</subfield><subfield code="y">Louis XI, 1461-1483</subfield><subfield code="v">Sources</subfield></datafield><datafield ind1=" " ind2="0" tag="651"><subfield code="a">France</subfield><subfield code="x">Politics and government</subfield><subfield code="y">1461-1483</subfield></datafield><datafield ind1=" " ind2="7" tag="655"><subfield code="a">Ausgabe</subfield><subfield code="2">idszbz</subfield></datafield><datafield ind1=" " ind2="7" tag="655"><subfield code="a">Kommentar</subfield><subfield code="2">gnd-content</subfield></datafield><datafield ind1="1" ind2=" " tag="700"><subfield code="a">Chastellain, Georges</subfield><subfield code="d">1405-1475</subfield><subfield code="0">(DE-588)118669133</subfield></datafield><datafield ind1="1" ind2=" " tag="700"><subfield code="6">880-02</subfield><subfield code="a">Hemelryck, Tania &lt;&lt;van&gt;&gt;</subfield><subfield code="0">(DE-588)131991566</subfield></datafield><datafield ind1="1" ind2=" " tag="880"><subfield code="6">700-02</subfield><subfield code="a">Van Hemelryck, Tania</subfield><subfield code="d">19..-....</subfield><subfield code="0">(IDREF)035575131</subfield></datafield><datafield ind1="4" ind2=" " tag="856"><subfield code="3">Inhaltsverzeichnis</subfield><subfield code="u">http://www.ub.unibas.ch/tox/HBZ/HT014763780/PDF</subfield><subfield code="q">pdf</subfield></datafield><datafield ind1=" " ind2="0" tag="830"><subfield code="a">&lt;&lt;Les&gt;&gt; classiques français du moyen âge</subfield><subfield code="v">148</subfield><subfield code="w">(NEBIS)000987675EBI01</subfield></datafield><datafield ind1=" " ind2="0" tag="830"><subfield code="a">&lt;&lt;Les&gt;&gt; classiques français du Moyen Age</subfield><subfield code="v">148</subfield><subfield code="w">(RERO)0038708-41slsp</subfield></datafield><datafield ind1=" " ind2=" " tag="900"><subfield code="a">IDSZ2zbzmon200608e</subfield><subfield code="c">IDSZ2meyr</subfield><subfield code="d">IDSZ2zbzswk200609b</subfield><subfield code="e">IDSZ2groc</subfield></datafield><datafield ind1=" " ind2=" " tag="900"><subfield code="f">IDSBxseklit b440</subfield><subfield code="x">BBB Cod. 568</subfield></datafield><datafield ind1=" " ind2=" " tag="949"><subfield code="a">http://www.ub.unibas.ch/tox/HBZ/HT014763780/PDF</subfield></datafield></record>
</metadata></record>