<record><header><identifier>oai:alma.41SLSP_UGE:991000014749705502</identifier><datestamp>2023-03-01T01:08:53Z</datestamp><setSpec>uge_bcen_RapidILL_BOOK</setSpec><setSpec>uge_aaca_RapidILL_BOOK</setSpec><setSpec>uge_abels_RapidILL_BOOK</setSpec><setSpec>uge_dbu_RapidILL_BOOK</setSpec><setSpec>uge_cmu_RapidILL_BOOK</setSpec><setSpec>uge_mail_RapidILL_BOOK</setSpec><setSpec>UNIGE_ALL</setSpec><setSpec>uge_abbat_RapidILL_BOOK</setSpec><setSpec>uge_acar_RapidILL_BOOK</setSpec><setSpec>uge_aobs_RapidILL_BOOK</setSpec></header><metadata>
<record xmlns="http://www.loc.gov/MARC21/slim" xmlns:xsi="http://www.w3.org/2001/XMLSchema-instance" xsi:schemaLocation="http://www.loc.gov/MARC21/slim http://www.loc.gov/standards/marcxml/schema/MARC21slim.xsd"><leader>02053nam a2200553 c 4500</leader><controlfield tag="001">991000014749705502</controlfield><controlfield tag="005">20201230205025.0</controlfield><controlfield tag="008">201011s1977    ve ||||| |||| 00| ||spa d</controlfield><datafield ind1=" " ind2=" " tag="035"><subfield code="a">(swissbib)223932582-41slsp_network</subfield></datafield><datafield ind1=" " ind2=" " tag="035"><subfield code="a">223932582</subfield><subfield code="9">ExL</subfield></datafield><datafield ind1=" " ind2=" " tag="035"><subfield code="a">(RERO)0183034-41slsp</subfield></datafield><datafield ind1=" " ind2=" " tag="035"><subfield code="a">(IDSBB)004885230DSV01</subfield></datafield><datafield ind1=" " ind2=" " tag="035"><subfield code="a">(IDSSG)000365213HSB01</subfield></datafield><datafield ind1=" " ind2=" " tag="035"><subfield code="a">(NEBIS)003151103EBI01</subfield></datafield><datafield ind1=" " ind2=" " tag="035"><subfield code="a">0183034</subfield></datafield><datafield ind1=" " ind2=" " tag="035"><subfield code="a">(EXLNZ-41SLSP_NETWORK)991003807809705501</subfield></datafield><datafield ind1=" " ind2=" " tag="040"><subfield code="a">RERO</subfield><subfield code="d">CH-ZuSLS</subfield></datafield><datafield ind1=" " ind2="7" tag="072"><subfield code="a">es</subfield><subfield code="2">rero</subfield></datafield><datafield ind1=" " ind2="7" tag="072"><subfield code="a">es</subfield><subfield code="2">SzZuIDS BS/BE</subfield></datafield><datafield ind1="0" ind2="4" tag="082"><subfield code="a">861.3</subfield><subfield code="2">22</subfield></datafield><datafield ind1="0" ind2="4" tag="082"><subfield code="a">860</subfield><subfield code="2">22</subfield></datafield><datafield ind1="0" ind2="4" tag="082"><subfield code="a">868.943</subfield><subfield code="b">S586, 1977</subfield></datafield><datafield ind1=" " ind2=" " tag="084"><subfield code="a">IQ 39900</subfield><subfield code="2">rvk</subfield></datafield><datafield ind1="1" ind2=" " tag="100"><subfield code="a">Silva, José Asunción</subfield><subfield code="d">1865-1896</subfield><subfield code="0">(DE-588)118797247</subfield><subfield code="6">880-01</subfield></datafield><datafield ind1="1" ind2=" " tag="880"><subfield code="a">Silva, José Asunción</subfield><subfield code="0">(RERO)A003831974</subfield><subfield code="4">cre</subfield><subfield code="6">100-01</subfield></datafield><datafield ind1="1" ind2="0" tag="240"><subfield code="a">Werke</subfield></datafield><datafield ind1="1" ind2="0" tag="245"><subfield code="a">Obra completa</subfield><subfield code="c">José Asunción Silva ; prólogo Eduardo Camacho Guizado ; ed., notas y cronología Eduardo Camacho Guizado y Gustavo Mejia</subfield></datafield><datafield ind1=" " ind2="1" tag="264"><subfield code="a">[Caracas]</subfield><subfield code="b">Ayacucho</subfield><subfield code="c">1977</subfield></datafield><datafield ind1=" " ind2=" " tag="300"><subfield code="a">LV, 325 p.</subfield><subfield code="c">24 cm</subfield></datafield><datafield ind1=" " ind2=" " tag="336"><subfield code="b">txt</subfield><subfield code="2">rdacontent</subfield></datafield><datafield ind1=" " ind2=" " tag="337"><subfield code="b">n</subfield><subfield code="2">rdamedia</subfield></datafield><datafield ind1=" " ind2=" " tag="338"><subfield code="b">nc</subfield><subfield code="2">rdacarrier</subfield></datafield><datafield ind1="1" ind2=" " tag="490"><subfield code="a">Biblioteca Ayacucho</subfield><subfield code="v">20</subfield></datafield><datafield ind1="1" ind2="7" tag="600"><subfield code="a">Silva, José Asunción</subfield><subfield code="d">1865-1896</subfield><subfield code="0">(DE-588)118797247</subfield><subfield code="2">gnd</subfield></datafield><datafield ind1=" " ind2="7" tag="650"><subfield code="a">Spanisch</subfield><subfield code="0">(DE-588)4077640-2</subfield><subfield code="2">gnd</subfield></datafield><datafield ind1=" " ind2="7" tag="651"><subfield code="a">Spanisch</subfield><subfield code="z">Kolumbien</subfield><subfield code="2">swd</subfield></datafield><datafield ind1=" " ind2="7" tag="651"><subfield code="a">Kolumbien</subfield><subfield code="0">(DE-588)4031812-6</subfield><subfield code="2">gnd</subfield></datafield><datafield ind1=" " ind2="7" tag="655"><subfield code="a">Text</subfield><subfield code="2">gnd</subfield></datafield><datafield ind1=" " ind2=" " tag="690"><subfield code="a">Spanische Literatur / Ausgaben / Einzelne Autoren und Texte / Originalsprache / S</subfield><subfield code="2">uzb-Z9</subfield></datafield><datafield ind1=" " ind2=" " tag="690"><subfield code="a">Silva, José Asunción</subfield><subfield code="2">uzb-VH</subfield></datafield><datafield ind1=" " ind2=" " tag="690"><subfield code="a">Silva, José Asunción : Bibliographie</subfield><subfield code="2">uzb-VH</subfield></datafield><datafield ind1="1" ind2=" " tag="700"><subfield code="a">Guizado, Eduardo Camacho</subfield></datafield><datafield ind1="1" ind2=" " tag="700"><subfield code="a">Mejía, Gustavo</subfield><subfield code="0">(IDREF)029619793</subfield></datafield><datafield ind1="1" ind2=" " tag="700"><subfield code="a">Camacho Guizado, Eduardo</subfield><subfield code="0">(DE-588)1056620056</subfield><subfield code="6">880-03</subfield></datafield><datafield ind1="1" ind2=" " tag="880"><subfield code="6">700-03</subfield><subfield code="a">Quispe Guizado, Robert Michell</subfield><subfield code="0">(IDREF)029619769</subfield></datafield><datafield ind1=" " ind2=" " tag="830"><subfield code="a">Biblioteca Ayacucho</subfield><subfield code="v">20</subfield><subfield code="w">(NEBIS)000989102EBI01</subfield></datafield><datafield ind1=" " ind2=" " tag="830"><subfield code="a">Biblioteca Ayacucho</subfield><subfield code="v">20</subfield><subfield code="w">(IDSBB)000410773DSV01</subfield></datafield><datafield ind1=" " ind2=" " tag="900"><subfield code="a">REROnoselfmerge</subfield></datafield><datafield ind1=" " ind2=" " tag="900"><subfield code="a">IDSZRMedeaZBZ</subfield></datafield><datafield ind1=" " ind2=" " tag="900"><subfield code="f">IDSU2medea</subfield></datafield><datafield ind1=" " ind2=" " tag="993"><subfield code="a">BFLA 138889</subfield><subfield code="x">ge/ules/a/flz 4210/20</subfield><subfield code="9">LOCAL</subfield></datafield></record>
</metadata></record>