<record><header><identifier>oai:alma.41SLSP_UGE:991000015059705502</identifier><datestamp>2023-03-27T00:17:16Z</datestamp><setSpec>uge_bcen_RapidILL_BOOK</setSpec><setSpec>uge_aaca_RapidILL_BOOK</setSpec><setSpec>uge_abels_RapidILL_BOOK</setSpec><setSpec>uge_dbu_RapidILL_BOOK</setSpec><setSpec>uge_cmu_RapidILL_BOOK</setSpec><setSpec>uge_mail_RapidILL_BOOK</setSpec><setSpec>uge_abbat_RapidILL_BOOK</setSpec><setSpec>UNIGE_ALL</setSpec><setSpec>uge_aobs_RapidILL_BOOK</setSpec><setSpec>uge_acar_RapidILL_BOOK</setSpec></header><metadata>
<record xmlns="http://www.loc.gov/MARC21/slim" xmlns:xsi="http://www.w3.org/2001/XMLSchema-instance" xsi:schemaLocation="http://www.loc.gov/MARC21/slim http://www.loc.gov/standards/marcxml/schema/MARC21slim.xsd"><leader>03204nam a2200757 c 4500</leader><controlfield tag="001">991000015059705502</controlfield><controlfield tag="005">20230325155810.0</controlfield><controlfield tag="008">201011s2011    fr ||||| |||| 00| ||fre d</controlfield><datafield ind1=" " ind2=" " tag="020"><subfield code="a">2812402733</subfield></datafield><datafield ind1=" " ind2=" " tag="020"><subfield code="a">9782812402739</subfield></datafield><datafield ind1="7" ind2=" " tag="024"><subfield code="a">http://catalogue.bnf.fr/ark:/12148/cb424836234</subfield><subfield code="2">uri</subfield></datafield><datafield ind1=" " ind2=" " tag="035"><subfield code="a">(swissbib)221557997-41slsp_network</subfield></datafield><datafield ind1=" " ind2=" " tag="035"><subfield code="a">221557997</subfield><subfield code="9">ExL</subfield></datafield><datafield ind1=" " ind2=" " tag="035"><subfield code="a">(RERO)R006294960-41slsp</subfield></datafield><datafield ind1=" " ind2=" " tag="035"><subfield code="a">(IDSBB)005695982DSV01</subfield></datafield><datafield ind1=" " ind2=" " tag="035"><subfield code="a">(NEBIS)006685389EBI01</subfield></datafield><datafield ind1=" " ind2=" " tag="035"><subfield code="a">(OCoLC)751990971</subfield></datafield><datafield ind1=" " ind2=" " tag="035"><subfield code="a">(OCoLC)746021448</subfield></datafield><datafield ind1=" " ind2=" " tag="035"><subfield code="a">(EXLNZ-41SLSP_NETWORK)991121106479705501</subfield></datafield><datafield ind1=" " ind2=" " tag="040"><subfield code="a">STF</subfield><subfield code="d">CH-ZuSLS</subfield></datafield><datafield ind1=" " ind2="4" tag="050"><subfield code="a">PQ1705.S5</subfield><subfield code="b">D442 2011</subfield></datafield><datafield ind1=" " ind2="7" tag="072"><subfield code="a">fr</subfield><subfield code="2">rero</subfield></datafield><datafield ind1=" " ind2="7" tag="072"><subfield code="a">fl</subfield><subfield code="2">SzZuIDS BS/BE</subfield></datafield><datafield ind1="1" ind2=" " tag="080"><subfield code="a">840&quot;15&quot;SCE.M8</subfield></datafield><datafield ind1="0" ind2="4" tag="082"><subfield code="a">800</subfield></datafield><datafield ind1="1" ind2="4" tag="082"><subfield code="a">841.3</subfield><subfield code="2">22</subfield></datafield><datafield ind1="1" ind2="4" tag="082"><subfield code="a">840</subfield><subfield code="2">15</subfield></datafield><datafield ind1=" " ind2=" " tag="084"><subfield code="a">18.25</subfield><subfield code="2">bcl</subfield></datafield><datafield ind1=" " ind2=" " tag="084"><subfield code="a">IF 3735</subfield><subfield code="2">rvk</subfield></datafield><datafield ind1="1" ind2=" " tag="100"><subfield code="a">Diebold, Hélène</subfield><subfield code="d">1974-</subfield><subfield code="0">(RERO)A020133700</subfield><subfield code="4">cre</subfield><subfield code="6">880-01</subfield></datafield><datafield ind1="1" ind2=" " tag="880"><subfield code="a">Diebold, Hélène</subfield><subfield code="d">1974-</subfield><subfield code="0">(DE-588)1035246570</subfield><subfield code="6">100-01</subfield></datafield><datafield ind1="1" ind2="0" tag="245"><subfield code="a">Maurice Scève et la poésie de l'emblème</subfield><subfield code="c">Hélène Diebold</subfield></datafield><datafield ind1=" " ind2="1" tag="264"><subfield code="a">Paris</subfield><subfield code="b">Classiques Garnier</subfield><subfield code="c">2011</subfield></datafield><datafield ind1=" " ind2=" " tag="300"><subfield code="a">491 pages</subfield><subfield code="b">illustrations</subfield><subfield code="c">25 cm.</subfield></datafield><datafield ind1=" " ind2=" " tag="336"><subfield code="b">txt</subfield><subfield code="2">rdacontent</subfield></datafield><datafield ind1=" " ind2=" " tag="337"><subfield code="b">n</subfield><subfield code="2">rdamedia</subfield></datafield><datafield ind1=" " ind2=" " tag="338"><subfield code="b">nc</subfield><subfield code="2">rdacarrier</subfield></datafield><datafield ind1="1" ind2=" " tag="490"><subfield code="a">Bibliothèque de la Renaissance 5</subfield></datafield><datafield ind1=" " ind2=" " tag="500"><subfield code="a">Originally presented as the author's thesis (doctoral)--Université de Strasbourg, 2006</subfield></datafield><datafield ind1=" " ind2=" " tag="502"><subfield code="a">Originally presented as the author's thesis (doctoral)--Université de Strasbourg, 2006</subfield></datafield><datafield ind1=" " ind2=" " tag="504"><subfield code="a">Includes bibliographical references (pages 463-479) and indexes.</subfield></datafield><datafield ind1="1" ind2="0" tag="600"><subfield code="a">Scève, Maurice</subfield><subfield code="d">16th cent.</subfield><subfield code="t">Délie</subfield></datafield><datafield ind1="1" ind2="0" tag="600"><subfield code="a">Scève, Maurice</subfield><subfield code="d">16th cent.</subfield><subfield code="x">Criticism and interpretation</subfield></datafield><datafield ind1="1" ind2="7" tag="600"><subfield code="a">Scève, Maurice</subfield><subfield code="d">1511?-1564?</subfield><subfield code="t">Délie</subfield><subfield code="0">(IDREF)02734763X</subfield><subfield code="2">idref</subfield></datafield><datafield ind1="1" ind2="0" tag="600"><subfield code="a">Scève, Maurice</subfield><subfield code="d">16th cent</subfield><subfield code="t">Délie</subfield></datafield><datafield ind1="1" ind2="0" tag="600"><subfield code="a">Scève, Maurice</subfield><subfield code="d">16th cent</subfield><subfield code="x">Criticism and interpretation</subfield></datafield><datafield ind1="1" ind2="7" tag="600"><subfield code="a">Scève, Maurice</subfield><subfield code="d">1500-1564</subfield><subfield code="t">Délie, obiect de plus haulte vertu</subfield><subfield code="0">(DE-588)4354260-8</subfield><subfield code="2">gnd</subfield></datafield><datafield ind1="1" ind2="4" tag="600"><subfield code="a">Scève, Maurice</subfield><subfield code="d">1500-ca1560</subfield></datafield><datafield ind1="1" ind2="7" tag="600"><subfield code="a">Scève, Maurice</subfield><subfield code="d">1500-1564</subfield><subfield code="0">(DE-588)118794833</subfield><subfield code="2">gnd</subfield></datafield><datafield ind1="1" ind2="7" tag="600"><subfield code="a">Scève, Maurice; Délie</subfield><subfield code="2">idszbz</subfield></datafield><datafield ind1="1" ind2="0" tag="600"><subfield code="a">Scève, Maurice</subfield><subfield code="d">active 16th century</subfield><subfield code="t">Délie</subfield></datafield><datafield ind1="1" ind2="0" tag="600"><subfield code="a">Scève, Maurice</subfield><subfield code="d">active 16th century</subfield><subfield code="x">Criticism and interpretation</subfield></datafield><datafield ind1=" " ind2="7" tag="650"><subfield code="a">Emblèmes</subfield><subfield code="0">(IDREF)027233081</subfield><subfield code="2">idref</subfield></datafield><datafield ind1=" " ind2="0" tag="650"><subfield code="a">Emblem books, French</subfield><subfield code="x">History</subfield><subfield code="y">16th century</subfield></datafield><datafield ind1=" " ind2="0" tag="650"><subfield code="a">Love poetry, French</subfield><subfield code="x">History and criticism</subfield></datafield><datafield ind1=" " ind2="7" tag="650"><subfield code="a">Emblemliteratur</subfield><subfield code="0">(DE-588)4152065-8</subfield><subfield code="2">gnd</subfield></datafield><datafield ind1=" " ind2="7" tag="650"><subfield code="a">Emblemata</subfield><subfield code="2">gtt</subfield></datafield><datafield ind1=" " ind2="0" tag="650"><subfield code="a">Emblems</subfield><subfield code="z">France</subfield><subfield code="x">History</subfield><subfield code="y">16th century</subfield></datafield><datafield ind1=" " ind2="7" tag="651"><subfield code="a">Frankreich</subfield><subfield code="0">(DE-588)4018145-5</subfield><subfield code="2">gnd</subfield></datafield><datafield ind1=" " ind2="7" tag="655"><subfield code="a">Hochschulschrift</subfield><subfield code="2">gnd-content</subfield></datafield><datafield ind1="4" ind2=" " tag="856"><subfield code="3">Titelblatt und Inhaltsverzeichnis</subfield><subfield code="u">https://toc.library.ethz.ch/objects/pdf/z01_978-2-8124-0273-9_01.pdf</subfield><subfield code="q">pdf</subfield></datafield><datafield ind1=" " ind2=" " tag="830"><subfield code="a">Bibliothèque de la Renaissance</subfield><subfield code="v">5</subfield><subfield code="w">(IDSBB)005764242DSV01</subfield></datafield><datafield ind1=" " ind2=" " tag="900"><subfield code="a">REROnoselfmerge</subfield></datafield><datafield ind1=" " ind2=" " tag="900"><subfield code="a">IDSZ2zbzmon201201f</subfield><subfield code="c">IDSZ2proc</subfield><subfield code="d">IDSZ2zbzswk201208b</subfield><subfield code="e">IDSZ2lanz</subfield></datafield><datafield ind1=" " ind2=" " tag="910"><subfield code="a">OCoLC</subfield><subfield code="b">20110920</subfield><subfield code="c">Droits réservés</subfield></datafield><datafield ind1=" " ind2=" " tag="911"><subfield code="a">100</subfield><subfield code="a">Diebold, Hélène</subfield><subfield code="d">1974-</subfield></datafield><datafield ind1=" " ind2=" " tag="949"><subfield code="a">https://toc.library.ethz.ch/objects/pdf/z01_978-2-8124-0273-9_01.pdf</subfield></datafield></record>
</metadata></record>