<record><header><identifier>oai:alma.41SLSP_UGE:991000015369705502</identifier><datestamp>2023-12-23T01:27:13Z</datestamp><setSpec>uge_bcen_RapidILL_BOOK</setSpec><setSpec>uge_aaca_RapidILL_BOOK</setSpec><setSpec>uge_abels_RapidILL_BOOK</setSpec><setSpec>uge_dbu_RapidILL_BOOK</setSpec><setSpec>uge_cmu_RapidILL_BOOK</setSpec><setSpec>uge_mail_RapidILL_BOOK</setSpec><setSpec>UNIGE_ALL</setSpec><setSpec>uge_abbat_RapidILL_BOOK</setSpec><setSpec>uge_acar_RapidILL_BOOK</setSpec><setSpec>uge_aobs_RapidILL_BOOK</setSpec></header><metadata>
<record xmlns="http://www.loc.gov/MARC21/slim" xmlns:xsi="http://www.w3.org/2001/XMLSchema-instance" xsi:schemaLocation="http://www.loc.gov/MARC21/slim http://www.loc.gov/standards/marcxml/schema/MARC21slim.xsd"><leader>03391nam a2200901 c 4500</leader><controlfield tag="001">991000015369705502</controlfield><controlfield tag="005">20231106155717.0</controlfield><controlfield tag="008">201011s1991    sz ||||| |||| 00| ||fre d</controlfield><datafield ind1=" " ind2=" " tag="020"><subfield code="a">2825203793</subfield></datafield><datafield ind1=" " ind2=" " tag="035"><subfield code="a">(swissbib)229836895-41slsp_network</subfield></datafield><datafield ind1=" " ind2=" " tag="035"><subfield code="a">229836895</subfield><subfield code="9">ExL</subfield></datafield><datafield ind1=" " ind2=" " tag="035"><subfield code="a">(RERO)1465237-41slsp</subfield></datafield><datafield ind1=" " ind2=" " tag="035"><subfield code="a">(IDSBB)000773116DSV01</subfield></datafield><datafield ind1=" " ind2=" " tag="035"><subfield code="a">(NEBIS)001185741EBI01</subfield></datafield><datafield ind1=" " ind2=" " tag="035"><subfield code="a">(IDSSG)000056840HSB01</subfield></datafield><datafield ind1=" " ind2=" " tag="035"><subfield code="a">(IDSLU)000119564ILU01</subfield></datafield><datafield ind1=" " ind2=" " tag="035"><subfield code="a">(EXLNZ-41SLSP_NETWORK)991031482709705501</subfield></datafield><datafield ind1=" " ind2=" " tag="040"><subfield code="a">RERO labcud</subfield><subfield code="d">CH-ZuSLS</subfield></datafield><datafield ind1=" " ind2=" " tag="044"><subfield code="a">sz</subfield><subfield code="c">ch-ne</subfield><subfield code="a">sz</subfield><subfield code="c">ch-vd</subfield></datafield><datafield ind1=" " ind2="7" tag="072"><subfield code="a">fr</subfield><subfield code="2">rero</subfield></datafield><datafield ind1=" " ind2="7" tag="072"><subfield code="a">fl</subfield><subfield code="2">SzZuIDS BS/BE</subfield></datafield><datafield ind1=" " ind2="7" tag="072"><subfield code="a">550</subfield><subfield code="2">IDS LU</subfield></datafield><datafield ind1="1" ind2=" " tag="080"><subfield code="a">840&quot;18&quot;BAU.C8</subfield></datafield><datafield ind1="0" ind2="4" tag="082"><subfield code="a">841.809</subfield><subfield code="b">EIG</subfield></datafield><datafield ind1="1" ind2="4" tag="082"><subfield code="a">840.936</subfield><subfield code="2">22</subfield></datafield><datafield ind1="1" ind2="4" tag="082"><subfield code="a">841.709</subfield><subfield code="2">22</subfield></datafield><datafield ind1="1" ind2="4" tag="082"><subfield code="a">841.8</subfield><subfield code="2">22</subfield></datafield><datafield ind1="1" ind2="4" tag="082"><subfield code="a">840</subfield><subfield code="2">15</subfield></datafield><datafield ind1=" " ind2=" " tag="084"><subfield code="a">IG 5603</subfield><subfield code="2">rvk</subfield></datafield><datafield ind1=" " ind2=" " tag="084"><subfield code="a">IG 5605</subfield><subfield code="2">rvk</subfield></datafield><datafield ind1="1" ind2=" " tag="100"><subfield code="6">880-01</subfield><subfield code="a">Eigeldinger, Marc</subfield><subfield code="d">1917-1991</subfield><subfield code="0">(IDREF)026849151</subfield><subfield code="4">cre</subfield></datafield><datafield ind1="1" ind2=" " tag="880"><subfield code="6">100-01</subfield><subfield code="a">Eigeldinger, Marc</subfield><subfield code="d">1917-1991</subfield><subfield code="0">(DE-588)123029031</subfield></datafield><datafield ind1="1" ind2="0" tag="245"><subfield code="a">&lt;&lt;Le&gt;&gt; soleil de la poésie</subfield><subfield code="b">Gautier, Baudelaire, Rimbaud</subfield><subfield code="c">Marc Eigeldinger</subfield></datafield><datafield ind1=" " ind2="1" tag="264"><subfield code="a">Neuchâtel</subfield><subfield code="b">A la Baconnière</subfield><subfield code="c">1991</subfield></datafield><datafield ind1=" " ind2="3" tag="264"><subfield code="a">Montreux</subfield><subfield code="b">Impr. Corbaz</subfield></datafield><datafield ind1=" " ind2=" " tag="300"><subfield code="a">257 p.</subfield><subfield code="c">21 cm</subfield></datafield><datafield ind1=" " ind2=" " tag="336"><subfield code="b">txt</subfield><subfield code="2">rdacontent</subfield></datafield><datafield ind1=" " ind2=" " tag="337"><subfield code="b">n</subfield><subfield code="2">rdamedia</subfield></datafield><datafield ind1=" " ind2=" " tag="338"><subfield code="b">nc</subfield><subfield code="2">rdacarrier</subfield></datafield><datafield ind1="1" ind2=" " tag="490"><subfield code="a">Etudes baudelairiennes. Nouvelle série</subfield><subfield code="v">5</subfield></datafield><datafield ind1="1" ind2=" " tag="490"><subfield code="a">Langages</subfield></datafield><datafield ind1="1" ind2=" " tag="490"><subfield code="a">Etudes baudelairiennes</subfield><subfield code="v">13 = n.s. 5</subfield></datafield><datafield ind1=" " ind2=" " tag="504"><subfield code="a">Literaturverz.</subfield></datafield><datafield ind1="1" ind2="7" tag="600"><subfield code="a">Baudelaire, Charles</subfield><subfield code="d">1821-1867</subfield><subfield code="0">(IDREF)026709635</subfield><subfield code="2">idref</subfield></datafield><datafield ind1="1" ind2="7" tag="600"><subfield code="a">Rimbaud, Arthur</subfield><subfield code="d">1854-1891</subfield><subfield code="0">(IDREF)027100669</subfield><subfield code="2">idref</subfield></datafield><datafield ind1="1" ind2="7" tag="600"><subfield code="a">Gautier, Théophile</subfield><subfield code="d">1811-1872</subfield><subfield code="0">(IDREF)026885492</subfield><subfield code="2">idref</subfield></datafield><datafield ind1="1" ind2="7" tag="600"><subfield code="a">Gautier, Théophile</subfield><subfield code="x">Motiv</subfield><subfield code="x">Sonne</subfield><subfield code="2">idsbb</subfield></datafield><datafield ind1="1" ind2="7" tag="600"><subfield code="a">Baudelaire, Charles</subfield><subfield code="x">Motiv</subfield><subfield code="x">Sonne</subfield><subfield code="2">idsbb</subfield></datafield><datafield ind1="1" ind2="7" tag="600"><subfield code="a">Rimbaud, Arthur</subfield><subfield code="x">Motiv</subfield><subfield code="x">Sonne</subfield><subfield code="2">idsbb</subfield></datafield><datafield ind1="1" ind2="7" tag="600"><subfield code="a">Baudelaire, Charles</subfield><subfield code="2">idszbz</subfield></datafield><datafield ind1="1" ind2="7" tag="600"><subfield code="a">Gautier, Jean-François-Eugène</subfield><subfield code="2">idszbz</subfield></datafield><datafield ind1="1" ind2="7" tag="600"><subfield code="a">Rimbaud, Arthur</subfield><subfield code="2">idszbz</subfield></datafield><datafield ind1="1" ind2="7" tag="600"><subfield code="a">Baudelaire, Charles</subfield><subfield code="d">1821-1867</subfield><subfield code="0">(DE-588)118507184</subfield><subfield code="2">gnd</subfield></datafield><datafield ind1="1" ind2="7" tag="600"><subfield code="a">Gautier, Théophile</subfield><subfield code="d">1811-1872</subfield><subfield code="0">(DE-588)11853789X</subfield><subfield code="2">gnd</subfield></datafield><datafield ind1="1" ind2="7" tag="600"><subfield code="a">Rimbaud, Arthur</subfield><subfield code="d">1854-1891</subfield><subfield code="0">(DE-588)118601032</subfield><subfield code="2">gnd</subfield></datafield><datafield ind1="1" ind2="0" tag="600"><subfield code="a">Baudelaire, Charles</subfield><subfield code="d">1821-1867</subfield></datafield><datafield ind1="1" ind2="0" tag="600"><subfield code="a">Gautier, Théophile</subfield><subfield code="d">1811-1872</subfield></datafield><datafield ind1="1" ind2="0" tag="600"><subfield code="a">Rimbaud, Arthur</subfield><subfield code="d">1854-1891</subfield></datafield><datafield ind1=" " ind2="7" tag="650"><subfield code="a">Lumière</subfield><subfield code="0">(IDREF)027570584</subfield><subfield code="2">idref</subfield></datafield><datafield ind1=" " ind2="7" tag="650"><subfield code="a">Métaphore</subfield><subfield code="0">(IDREF)027239411</subfield><subfield code="2">idref</subfield></datafield><datafield ind1=" " ind2="7" tag="650"><subfield code="a">Soleil</subfield><subfield code="0">(IDREF)02779864X</subfield><subfield code="2">idref</subfield></datafield><datafield ind1=" " ind2="7" tag="650"><subfield code="a">Werk</subfield><subfield code="2">idszbz</subfield></datafield><datafield ind1=" " ind2="7" tag="650"><subfield code="a">Lyrik</subfield><subfield code="0">(DE-588)4036774-5</subfield><subfield code="2">gnd</subfield></datafield><datafield ind1=" " ind2="0" tag="650"><subfield code="a">French poetry</subfield><subfield code="y">19th century</subfield><subfield code="x">History and criticism</subfield></datafield><datafield ind1=" " ind2=" " tag="690"><subfield code="a">Baudelaire, Charles</subfield><subfield code="2">uzb-VH</subfield></datafield><datafield ind1=" " ind2=" " tag="690"><subfield code="a">Rimbaud, Arthur</subfield><subfield code="2">uzb-VH</subfield></datafield><datafield ind1=" " ind2=" " tag="690"><subfield code="a">Gautier, Théophile</subfield><subfield code="2">uzb-VH</subfield></datafield><datafield ind1=" " ind2=" " tag="690"><subfield code="a">Gautier, Théophile</subfield><subfield code="2">uzb-VI</subfield></datafield><datafield ind1=" " ind2=" " tag="690"><subfield code="a">Baudelaire, Charles</subfield><subfield code="2">uzb-VI</subfield></datafield><datafield ind1=" " ind2=" " tag="690"><subfield code="a">Werke (eines Autors)</subfield><subfield code="2">uzb-VI</subfield></datafield><datafield ind1=" " ind2=" " tag="690"><subfield code="a">Sonne</subfield><subfield code="2">uzb-VI</subfield></datafield><datafield ind1=" " ind2=" " tag="690"><subfield code="a">Rimbaud, Jean Nicolas Arthur</subfield><subfield code="2">uzb-VI</subfield></datafield><datafield ind1=" " ind2=" " tag="690"><subfield code="a">Sonne</subfield><subfield code="2">uzb-VH</subfield></datafield><datafield ind1=" " ind2=" " tag="690"><subfield code="a">Motivforschung</subfield><subfield code="2">uzb-VH</subfield></datafield><datafield ind1=" " ind2=" " tag="830"><subfield code="a">Etudes baudelairiennes</subfield><subfield code="p">Nouvelle série</subfield><subfield code="v">5</subfield><subfield code="w">(NEBIS)008258824EBI01</subfield></datafield><datafield ind1=" " ind2=" " tag="830"><subfield code="a">Etudes baudelairiennes</subfield><subfield code="v">13</subfield><subfield code="w">(IDSBB)000026652DSV01</subfield></datafield><datafield ind1=" " ind2=" " tag="830"><subfield code="a">Langages</subfield><subfield code="p">La Baconnière</subfield><subfield code="w">(RERO)0000281-41slsp</subfield></datafield><datafield ind1=" " ind2=" " tag="830"><subfield code="a">Langages</subfield><subfield code="w">(IDSBB)000494247DSV01</subfield></datafield><datafield ind1=" " ind2=" " tag="900"><subfield code="a">REROnoselfmerge</subfield></datafield></record>
</metadata></record>