<record><header><identifier>oai:alma.41SLSP_UGE:991000014639705502</identifier><datestamp>2023-06-30T00:19:02Z</datestamp><setSpec>uge_bcen_RapidILL_BOOK</setSpec><setSpec>uge_aaca_RapidILL_BOOK</setSpec><setSpec>uge_abels_RapidILL_BOOK</setSpec><setSpec>uge_dbu_RapidILL_BOOK</setSpec><setSpec>uge_cmu_RapidILL_BOOK</setSpec><setSpec>uge_mail_RapidILL_BOOK</setSpec><setSpec>uge_abbat_RapidILL_BOOK</setSpec><setSpec>UNIGE_ALL</setSpec><setSpec>uge_aobs_RapidILL_BOOK</setSpec><setSpec>uge_acar_RapidILL_BOOK</setSpec></header><metadata>
<record xmlns="http://www.loc.gov/MARC21/slim" xmlns:xsi="http://www.w3.org/2001/XMLSchema-instance" xsi:schemaLocation="http://www.loc.gov/MARC21/slim http://www.loc.gov/standards/marcxml/schema/MARC21slim.xsd"><leader>01199naa a2200277 c 4500</leader><controlfield tag="001">991000014639705502</controlfield><controlfield tag="005">20230629194041.0</controlfield><controlfield tag="008">020321s2001    sz ||||| |||| 10| ||fre d</controlfield><datafield ind1=" " ind2=" " tag="035"><subfield code="a">(swissbib)097662968-41slsp_network</subfield></datafield><datafield ind1=" " ind2=" " tag="035"><subfield code="a">097662968</subfield><subfield code="9">ExL</subfield></datafield><datafield ind1=" " ind2=" " tag="035"><subfield code="a">(RERO)R003168471-41slsp</subfield></datafield><datafield ind1=" " ind2=" " tag="035"><subfield code="a">(EXLNZ-41SLSP_NETWORK)991000759549705501</subfield></datafield><datafield ind1=" " ind2=" " tag="040"><subfield code="a">RERO gecjpj</subfield><subfield code="d">CH-ZuSLS</subfield></datafield><datafield ind1=" " ind2=" " tag="044"><subfield code="a">sz</subfield><subfield code="c">ch-fr</subfield></datafield><datafield ind1=" " ind2="7" tag="072"><subfield code="a">dr</subfield><subfield code="2">rero</subfield></datafield><datafield ind1=" " ind2=" " tag="084"><subfield code="a">A 52.3 i</subfield><subfield code="2">cjurrom</subfield></datafield><datafield ind1="1" ind2=" " tag="100"><subfield code="a">Pelossi, Michele</subfield><subfield code="0">(RERO)A008749036</subfield><subfield code="4">cre</subfield></datafield><datafield ind1="1" ind2="0" tag="245"><subfield code="a">Convergence entre le régime juridique des télécommunications et de la radiodiffusion</subfield><subfield code="c">par Michele Pelossi</subfield></datafield><datafield ind1=" " ind2=" " tag="336"><subfield code="b">txt</subfield><subfield code="2">rdacontent</subfield></datafield><datafield ind1=" " ind2=" " tag="337"><subfield code="b">n</subfield><subfield code="2">rdamedia</subfield></datafield><datafield ind1=" " ind2=" " tag="338"><subfield code="b">nc</subfield><subfield code="2">rdacarrier</subfield></datafield><datafield ind1=" " ind2=" " tag="580"><subfield code="a">In: Le droit des télécommunications en mutation. - Fribourg Suisse : Ed. universitaires, 2001 (Fribourg Suisse : Impr. Saint-Paul). - P. 49-58</subfield></datafield><datafield ind1=" " ind2="7" tag="650"><subfield code="a">Fernmeldeverkehr</subfield><subfield code="9">ger</subfield><subfield code="0">(RERO)jurivoc000008222ger</subfield><subfield code="2">jurivoc</subfield></datafield><datafield ind1=" " ind2="7" tag="650"><subfield code="a">Radio und Fernsehen</subfield><subfield code="9">ger</subfield><subfield code="0">(RERO)jurivoc000018066ger</subfield><subfield code="2">jurivoc</subfield></datafield><datafield ind1=" " ind2="7" tag="650"><subfield code="a">Verhältnis zwischen</subfield><subfield code="9">ger</subfield><subfield code="0">(RERO)jurivoc000024525ger</subfield><subfield code="2">jurivoc</subfield></datafield><datafield ind1=" " ind2="7" tag="651"><subfield code="a">Schweiz</subfield><subfield code="9">ger</subfield><subfield code="0">(RERO)jurivoc000019912ger</subfield><subfield code="2">jurivoc</subfield></datafield><datafield ind1="0" ind2=" " tag="773"><subfield code="t">Droit des télécommunications en mutation</subfield><subfield code="g">49</subfield><subfield code="w">(RERO)R003146866-41slsp</subfield></datafield></record>
</metadata></record>