<record><header><identifier>oai:alma.41SLSP_UGE:991000015289705502</identifier><datestamp>2023-08-10T04:22:00Z</datestamp><setSpec>uge_bcen_RapidILL_BOOK</setSpec><setSpec>uge_aaca_RapidILL_BOOK</setSpec><setSpec>uge_abels_RapidILL_BOOK</setSpec><setSpec>uge_dbu_RapidILL_BOOK</setSpec><setSpec>uge_cmu_RapidILL_BOOK</setSpec><setSpec>uge_mail_RapidILL_BOOK</setSpec><setSpec>uge_abbat_RapidILL_BOOK</setSpec><setSpec>UNIGE_ALL</setSpec><setSpec>uge_aobs_RapidILL_BOOK</setSpec><setSpec>uge_acar_RapidILL_BOOK</setSpec></header><metadata>
<record xmlns="http://www.loc.gov/MARC21/slim" xmlns:xsi="http://www.w3.org/2001/XMLSchema-instance" xsi:schemaLocation="http://www.loc.gov/MARC21/slim http://www.loc.gov/standards/marcxml/schema/MARC21slim.xsd"><leader>02183nam a2200565 c 4500</leader><controlfield tag="001">991000015289705502</controlfield><controlfield tag="005">20230809083741.0</controlfield><controlfield tag="008">201012s1984    gw ||||| |||| 00| ||ger d</controlfield><datafield ind1=" " ind2=" " tag="020"><subfield code="a">3451081679</subfield></datafield><datafield ind1=" " ind2=" " tag="020"><subfield code="a">9783451081675</subfield></datafield><datafield ind1=" " ind2=" " tag="035"><subfield code="a">(swissbib)243108389-41slsp_network</subfield></datafield><datafield ind1=" " ind2=" " tag="035"><subfield code="a">243108389</subfield><subfield code="9">ExL</subfield></datafield><datafield ind1=" " ind2=" " tag="035"><subfield code="a">(RERO)1179327-41slsp</subfield></datafield><datafield ind1=" " ind2=" " tag="035"><subfield code="a">(IDSLU)000138018ILU01</subfield></datafield><datafield ind1=" " ind2=" " tag="035"><subfield code="a">(NEBIS)003229632EBI01</subfield></datafield><datafield ind1=" " ind2=" " tag="035"><subfield code="a">(NEBIS)010993509EBI01</subfield></datafield><datafield ind1=" " ind2=" " tag="035"><subfield code="a">(IDSBB)003758035DSV01</subfield></datafield><datafield ind1=" " ind2=" " tag="035"><subfield code="a">(EXLNZ-41SLSP_NETWORK)991122794559705501</subfield></datafield><datafield ind1=" " ind2=" " tag="040"><subfield code="a">RERO geuth-</subfield><subfield code="d">CH-ZuSLS</subfield></datafield><datafield ind1=" " ind2="7" tag="072"><subfield code="a">th</subfield><subfield code="2">rero</subfield></datafield><datafield ind1=" " ind2="7" tag="072"><subfield code="a">730</subfield><subfield code="2">IDS LU</subfield></datafield><datafield ind1="0" ind2="0" tag="082"><subfield code="a">227/.8106</subfield><subfield code="2">19</subfield></datafield><datafield ind1="7" ind2="4" tag="082"><subfield code="a">230</subfield><subfield code="2">23sdnb</subfield></datafield><datafield ind1="1" ind2=" " tag="100"><subfield code="6">880-01</subfield><subfield code="a">Pesch, Rudolf</subfield><subfield code="d">1936-2011</subfield><subfield code="0">(DE-588)118592882</subfield></datafield><datafield ind1="1" ind2=" " tag="880"><subfield code="6">100-01</subfield><subfield code="a">Pesch, Rudolf</subfield><subfield code="d">1936-2011</subfield><subfield code="0">(IDREF)028570456</subfield><subfield code="4">cre</subfield></datafield><datafield ind1="1" ind2="0" tag="245"><subfield code="a">&lt;&lt;Die&gt;&gt; Entdeckung des ältesten Paulus-Briefes</subfield><subfield code="b">die Briefe an die Gemeinde der Thessalonicher</subfield><subfield code="c">Rudolf Pesch</subfield></datafield><datafield ind1=" " ind2=" " tag="250"><subfield code="a">[Originalausgabe]</subfield></datafield><datafield ind1=" " ind2="1" tag="264"><subfield code="a">Freiburg i. Br.</subfield><subfield code="a">Basel [etc.]</subfield><subfield code="b">Herderbücherei</subfield><subfield code="c">1984</subfield></datafield><datafield ind1=" " ind2=" " tag="300"><subfield code="a">126 S.</subfield><subfield code="c">18 cm</subfield></datafield><datafield ind1=" " ind2=" " tag="336"><subfield code="b">txt</subfield><subfield code="2">rdacontent</subfield></datafield><datafield ind1=" " ind2=" " tag="337"><subfield code="b">n</subfield><subfield code="2">rdamedia</subfield></datafield><datafield ind1=" " ind2=" " tag="338"><subfield code="b">nc</subfield><subfield code="2">rdacarrier</subfield></datafield><datafield ind1="1" ind2=" " tag="490"><subfield code="a">Paulus - neu gesehen / Rudolf Pesch</subfield><subfield code="v">[1]</subfield></datafield><datafield ind1="1" ind2=" " tag="490"><subfield code="a">Herderbücherei</subfield><subfield code="v">1167</subfield></datafield><datafield ind1="0" ind2="7" tag="600"><subfield code="a">Paul</subfield><subfield code="c">saint</subfield><subfield code="d">0005?-0067?</subfield><subfield code="0">(IDREF)052468844</subfield><subfield code="2">idref</subfield></datafield><datafield ind1="0" ind2="7" tag="600"><subfield code="a">Paulus</subfield><subfield code="c">Apostel, Heiliger</subfield><subfield code="0">(DE-588)118641549</subfield><subfield code="2">gnd</subfield></datafield><datafield ind1="0" ind2="0" tag="600"><subfield code="a">Paul</subfield><subfield code="c">the Apostle, Saint</subfield><subfield code="x">Travel</subfield><subfield code="z">Greece</subfield><subfield code="z">Thessalonikē</subfield></datafield><datafield ind1="0" ind2="7" tag="630"><subfield code="a">Bible</subfield><subfield code="p">NT</subfield><subfield code="p">Thessaloniciens</subfield><subfield code="0">(RERO)A010053406</subfield><subfield code="2">rero</subfield></datafield><datafield ind1="0" ind2="7" tag="630"><subfield code="a">Bible</subfield><subfield code="p">NT</subfield><subfield code="p">Thessaloniciens I</subfield><subfield code="0">(RERO)A010053407</subfield><subfield code="2">rero</subfield></datafield><datafield ind1="0" ind2="0" tag="630"><subfield code="a">Bible</subfield><subfield code="p">Thessalonians, 1st</subfield><subfield code="x">Criticism, Textual</subfield></datafield><datafield ind1="0" ind2="0" tag="630"><subfield code="a">Bible</subfield><subfield code="p">Thessalonians</subfield><subfield code="x">Criticism, interpretation, etc</subfield></datafield><datafield ind1=" " ind2="7" tag="650"><subfield code="a">Textkritik</subfield><subfield code="0">(DE-588)4059657-6</subfield><subfield code="2">gnd</subfield></datafield><datafield ind1=" " ind2="4" tag="650"><subfield code="a">Textkritik</subfield></datafield><datafield ind1=" " ind2=" " tag="690"><subfield code="a">Paulus, Apostel, B: Briefe: Thessalonicherbriefe</subfield><subfield code="2">rzs-L1</subfield></datafield><datafield ind1=" " ind2=" " tag="690"><subfield code="a">Tessalonicherbrief, ältester</subfield><subfield code="2">rzs-KK</subfield></datafield><datafield ind1=" " ind2=" " tag="690"><subfield code="a">Thessalonicherbrief (1.-2.)</subfield><subfield code="2">uzb-Z9</subfield></datafield><datafield ind1=" " ind2=" " tag="830"><subfield code="a">Herderbücherei</subfield><subfield code="v">1167</subfield><subfield code="w">(RERO)0373695-41slsp</subfield></datafield><datafield ind1="1" ind2=" " tag="800"><subfield code="a">Pesch, Rudolf</subfield><subfield code="t">Paulus - neu gesehen</subfield><subfield code="v">1</subfield><subfield code="w">(RERO)1233472-41slsp</subfield></datafield><datafield ind1=" " ind2=" " tag="900"><subfield code="a">REROnoselfmerge</subfield></datafield><datafield ind1=" " ind2=" " tag="900"><subfield code="a">IDSZRMedeaZBZ</subfield></datafield><datafield ind1=" " ind2=" " tag="900"><subfield code="a">IDSERJEBIIMPORT</subfield></datafield></record>
</metadata></record>