<record><header><identifier>oai:alma.41SLSP_UGE:991000014469705502</identifier><datestamp>2023-03-27T00:22:43Z</datestamp><setSpec>uge_bcen_RapidILL_BOOK</setSpec><setSpec>uge_aaca_RapidILL_BOOK</setSpec><setSpec>uge_abels_RapidILL_BOOK</setSpec><setSpec>uge_dbu_RapidILL_BOOK</setSpec><setSpec>uge_cmu_RapidILL_BOOK</setSpec><setSpec>uge_mail_RapidILL_BOOK</setSpec><setSpec>uge_abbat_RapidILL_BOOK</setSpec><setSpec>UNIGE_ALL</setSpec><setSpec>uge_acar_RapidILL_BOOK</setSpec><setSpec>uge_aobs_RapidILL_BOOK</setSpec></header><metadata>
<record xmlns="http://www.loc.gov/MARC21/slim" xmlns:xsi="http://www.w3.org/2001/XMLSchema-instance" xsi:schemaLocation="http://www.loc.gov/MARC21/slim http://www.loc.gov/standards/marcxml/schema/MARC21slim.xsd"><leader>03654nam a2200769uc 4500</leader><controlfield tag="001">991000014469705502</controlfield><controlfield tag="005">20230326203513.0</controlfield><controlfield tag="008">201012t19911991ne     |      10| ||eng|d</controlfield><datafield ind1=" " ind2=" " tag="010"><subfield code="a">91020796</subfield></datafield><datafield ind1=" " ind2=" " tag="020"><subfield code="a">0792313151</subfield></datafield><datafield ind1=" " ind2=" " tag="035"><subfield code="a">(swissbib)238139107-41slsp_network</subfield></datafield><datafield ind1=" " ind2=" " tag="035"><subfield code="a">238139107</subfield><subfield code="9">ExL</subfield></datafield><datafield ind1=" " ind2=" " tag="035"><subfield code="a">(NEBIS)000609324EBI01</subfield></datafield><datafield ind1=" " ind2=" " tag="035"><subfield code="a">(RERO)1481274-41slsp</subfield></datafield><datafield ind1=" " ind2=" " tag="035"><subfield code="a">(IDSBB)004936963DSV01</subfield></datafield><datafield ind1=" " ind2=" " tag="035"><subfield code="a">(EXLNZ-41SLSP_NETWORK)991043284479705501</subfield></datafield><datafield ind1=" " ind2=" " tag="040"><subfield code="a">ETH-BIB</subfield><subfield code="b">ger</subfield><subfield code="e">ETHICS-ISBD</subfield><subfield code="d">CH-ZuSLS</subfield></datafield><datafield ind1=" " ind2="7" tag="072"><subfield code="a">ps</subfield><subfield code="2">rero</subfield></datafield><datafield ind1="0" ind2="0" tag="082"><subfield code="a">618.92/8552</subfield><subfield code="2">20</subfield></datafield><datafield ind1="0" ind2="4" tag="082"><subfield code="a">618.92'8552</subfield></datafield><datafield ind1=" " ind2=" " tag="084"><subfield code="a">ER 860</subfield><subfield code="2">rvk</subfield></datafield><datafield ind1="0" ind2="0" tag="245"><subfield code="a">Acquired aphasia in children</subfield><subfield code="b">acquisition and breakdown of language in the developing brain</subfield><subfield code="c">ed. by Isabel Pavão Martins ... [et al.]</subfield></datafield><datafield ind1=" " ind2="1" tag="264"><subfield code="a">Dordrecht [etc.]</subfield><subfield code="b">Kluwer</subfield><subfield code="c">[1991]</subfield></datafield><datafield ind1=" " ind2="4" tag="264"><subfield code="c">© 1991</subfield></datafield><datafield ind1=" " ind2=" " tag="300"><subfield code="a">XV, 312 S.</subfield><subfield code="c">25 cm</subfield><subfield code="b">Ill.</subfield></datafield><datafield ind1=" " ind2=" " tag="336"><subfield code="b">txt</subfield><subfield code="2">rdacontent</subfield></datafield><datafield ind1=" " ind2=" " tag="337"><subfield code="b">n</subfield><subfield code="2">rdamedia</subfield></datafield><datafield ind1=" " ind2=" " tag="338"><subfield code="b">nc</subfield><subfield code="2">rdacarrier</subfield></datafield><datafield ind1="1" ind2=" " tag="490"><subfield code="a">NATO ASI series. Series D, Behavioural and social sciences</subfield><subfield code="v">vol. 60</subfield></datafield><datafield ind1=" " ind2=" " tag="500"><subfield code="a">&quot;Proceedings of the NATO Advanced Research Workshop on Acquired Aphasia in Children: Acquisition and Breakdown of Language in the Developing Brain, Sintra, Portugal, 13-15 September 1990&quot;</subfield></datafield><datafield ind1=" " ind2=" " tag="500"><subfield code="a">&quot;Published in cooperation with NATO Scientific Affairs Division&quot;</subfield></datafield><datafield ind1=" " ind2="7" tag="650"><subfield code="a">Aphasie</subfield><subfield code="2">idszbz</subfield></datafield><datafield ind1=" " ind2="7" tag="650"><subfield code="a">Kind</subfield><subfield code="2">idszbz</subfield></datafield><datafield ind1=" " ind2="7" tag="650"><subfield code="a">Sprachentwicklungsstörung</subfield><subfield code="2">idszbz</subfield></datafield><datafield ind1=" " ind2="7" tag="650"><subfield code="a">Aphasie</subfield><subfield code="0">(DE-588)4002416-7</subfield><subfield code="2">gnd</subfield></datafield><datafield ind1=" " ind2="7" tag="650"><subfield code="a">Kind</subfield><subfield code="0">(DE-588)4030550-8</subfield><subfield code="2">gnd</subfield></datafield><datafield ind1=" " ind2="7" tag="650"><subfield code="a">Kongress</subfield><subfield code="0">(DE-588)4130470-6</subfield><subfield code="2">gnd</subfield></datafield><datafield ind1=" " ind2="7" tag="650"><subfield code="a">Sprachentwicklungsstörung</subfield><subfield code="0">(DE-588)4124242-7</subfield><subfield code="2">gnd</subfield></datafield><datafield ind1=" " ind2="0" tag="650"><subfield code="a">Aphasia, Acquired</subfield><subfield code="x">congresses</subfield></datafield><datafield ind1=" " ind2="0" tag="650"><subfield code="a">Aphasia, Childhood</subfield><subfield code="x">congresses</subfield></datafield><datafield ind1=" " ind2="0" tag="650"><subfield code="a">Aphasic children</subfield><subfield code="x">Congresses</subfield></datafield><datafield ind1=" " ind2="0" tag="650"><subfield code="a">Brain</subfield><subfield code="x">Pathophysiology</subfield><subfield code="x">Congresses</subfield></datafield><datafield ind1=" " ind2="0" tag="650"><subfield code="a">Language acquisition</subfield><subfield code="x">Congresses</subfield></datafield><datafield ind1=" " ind2="0" tag="650"><subfield code="a">Language Development Disorders</subfield><subfield code="x">congresses</subfield></datafield><datafield ind1=" " ind2="7" tag="650"><subfield code="a">APHASIE (NEUROPSYCHOLOGIE)</subfield><subfield code="9">ger</subfield><subfield code="0">(ETHUDK)000027395</subfield><subfield code="2">ethudk</subfield></datafield><datafield ind1=" " ind2="7" tag="650"><subfield code="a">ENTWICKLUNGSBIOLOGIE DES NERVENSYSTEMS (NEUROLOGIE)</subfield><subfield code="9">ger</subfield><subfield code="0">(ETHUDK)000037996</subfield><subfield code="2">ethudk</subfield></datafield><datafield ind1=" " ind2="7" tag="650"><subfield code="a">KINDERKRANKHEITEN + PÄDIATRIE (MEDIZIN)</subfield><subfield code="9">ger</subfield><subfield code="0">(ETHUDK)000027029</subfield><subfield code="2">ethudk</subfield></datafield><datafield ind1=" " ind2="7" tag="650"><subfield code="a">KINDERPSYCHOLOGIE</subfield><subfield code="9">ger</subfield><subfield code="0">(ETHUDK)000009510</subfield><subfield code="2">ethudk</subfield></datafield><datafield ind1=" " ind2="7" tag="650"><subfield code="a">NEUROETHOLOGIE, VERHALTENSNEUROLOGIE (BIOLOGIE)</subfield><subfield code="9">ger</subfield><subfield code="0">(ETHUDK)000021250</subfield><subfield code="2">ethudk</subfield></datafield><datafield ind1=" " ind2="7" tag="650"><subfield code="a">SPRACHERWERB (PSYCHOLINGUISTIK)</subfield><subfield code="9">ger</subfield><subfield code="0">(ETHUDK)000043371</subfield><subfield code="2">ethudk</subfield></datafield><datafield ind1=" " ind2="7" tag="650"><subfield code="a">Aphasie</subfield><subfield code="0">(IDREF)027386244</subfield><subfield code="2">idref</subfield></datafield><datafield ind1=" " ind2="7" tag="650"><subfield code="a">Langage</subfield><subfield code="0">(IDREF)028625714</subfield><subfield code="2">idref</subfield></datafield><datafield ind1=" " ind2="7" tag="650"><subfield code="a">Acquisition linguistique</subfield><subfield code="0">(IDREF)028624238</subfield><subfield code="2">idref</subfield></datafield><datafield ind1=" " ind2="7" tag="650"><subfield code="a">Enfants</subfield><subfield code="0">(IDREF)027233278</subfield><subfield code="2">idref</subfield></datafield><datafield ind1=" " ind2="7" tag="655"><subfield code="a">Aufsatzsammlung</subfield><subfield code="2">idszbz</subfield></datafield><datafield ind1=" " ind2="7" tag="655"><subfield code="a">Konferenzschrift</subfield><subfield code="z">Sintra</subfield><subfield code="y">1990/09</subfield><subfield code="2">gnd-content</subfield></datafield><datafield ind1=" " ind2="7" tag="655"><subfield code="a">Actes de congrès</subfield><subfield code="0">(IDREF)02886431X</subfield><subfield code="2">idref</subfield></datafield><datafield ind1=" " ind2="7" tag="655"><subfield code="a">Konferenzschrift</subfield><subfield code="z">Sintra</subfield><subfield code="y">1990</subfield><subfield code="2">gnd-content</subfield></datafield><datafield ind1="1" ind2=" " tag="700"><subfield code="a">Castro-Caldas, Alexandre</subfield><subfield code="0">(RERO)A003083656</subfield></datafield><datafield ind1="1" ind2=" " tag="700"><subfield code="a">Martins, Isabel Pavão</subfield><subfield code="0">(DE-588)1087650461</subfield><subfield code="6">880-02</subfield></datafield><datafield ind1="1" ind2=" " tag="880"><subfield code="a">Martins, Isabel Pavão</subfield><subfield code="0">(RERO)A003567833</subfield><subfield code="6">700-02</subfield></datafield><datafield ind1="2" ind2=" " tag="710"><subfield code="a">NATO</subfield><subfield code="0">(DE-588)377-3</subfield></datafield><datafield ind1="2" ind2=" " tag="711"><subfield code="a">NATO Advanced Research Workshop on Acquired Aphasia in Children</subfield><subfield code="d">1990</subfield><subfield code="c">Sintra</subfield><subfield code="0">(RERO)A012402183</subfield></datafield><datafield ind1="2" ind2=" " tag="711"><subfield code="a">Advanced Research Workshop on Acquired Aphasia in Children</subfield><subfield code="d">1990</subfield><subfield code="c">Sintra</subfield><subfield code="0">(DE-588)5066045-7</subfield></datafield><datafield ind1="2" ind2=" " tag="711"><subfield code="a">Advanced Research Workshop on Acquired Aphasia in Children</subfield><subfield code="d">1990</subfield><subfield code="c">Sintra</subfield><subfield code="0">(DE-588)5066045-7</subfield></datafield><datafield ind1=" " ind2=" " tag="830"><subfield code="a">NATO ASI Series</subfield><subfield code="p">Series D, Behavioural and social sciences</subfield><subfield code="v">60</subfield><subfield code="w">(RERO)0666945-41slsp</subfield></datafield><datafield ind1=" " ind2=" " tag="830"><subfield code="a">NATO Advanced Study Institutes series</subfield><subfield code="p">Series D, Behavioural and social sciences</subfield><subfield code="v">60</subfield><subfield code="w">(NEBIS)000017768EBI01</subfield></datafield><datafield ind1=" " ind2=" " tag="900"><subfield code="a">REROnoselfmerge</subfield></datafield></record>
</metadata></record>