<record><header><identifier>oai:alma.41SLSP_UGE:991000014989705502</identifier><datestamp>2023-04-06T00:10:45Z</datestamp><setSpec>uge_bcen_RapidILL_BOOK</setSpec><setSpec>uge_aaca_RapidILL_BOOK</setSpec><setSpec>uge_abels_RapidILL_BOOK</setSpec><setSpec>uge_dbu_RapidILL_BOOK</setSpec><setSpec>uge_cmu_RapidILL_BOOK</setSpec><setSpec>uge_mail_RapidILL_BOOK</setSpec><setSpec>uge_abbat_RapidILL_BOOK</setSpec><setSpec>UNIGE_ALL</setSpec><setSpec>uge_acar_RapidILL_BOOK</setSpec><setSpec>uge_aobs_RapidILL_BOOK</setSpec></header><metadata>
<record xmlns="http://www.loc.gov/MARC21/slim" xmlns:xsi="http://www.w3.org/2001/XMLSchema-instance" xsi:schemaLocation="http://www.loc.gov/MARC21/slim http://www.loc.gov/standards/marcxml/schema/MARC21slim.xsd"><leader>01761nam a2200397 c 4500</leader><controlfield tag="001">991000014989705502</controlfield><controlfield tag="005">20230405193953.0</controlfield><controlfield tag="008">201011s1991    xxu||||| |||| 10| ||eng d</controlfield><datafield ind1=" " ind2=" " tag="010"><subfield code="a">91073701</subfield></datafield><datafield ind1=" " ind2=" " tag="020"><subfield code="a">0937707384</subfield></datafield><datafield ind1=" " ind2=" " tag="035"><subfield code="a">(swissbib)226995704-41slsp_network</subfield></datafield><datafield ind1=" " ind2=" " tag="035"><subfield code="a">226995704</subfield><subfield code="9">ExL</subfield></datafield><datafield ind1=" " ind2=" " tag="035"><subfield code="a">(RERO)1484362-41slsp</subfield></datafield><datafield ind1=" " ind2=" " tag="035"><subfield code="a">(NEBIS)000643154EBI01</subfield></datafield><datafield ind1=" " ind2=" " tag="035"><subfield code="a">(EXLNZ-41SLSP_NETWORK)991066366379705501</subfield></datafield><datafield ind1=" " ind2=" " tag="040"><subfield code="a">RERO geusob</subfield><subfield code="d">CH-ZuSLS</subfield></datafield><datafield ind1=" " ind2="7" tag="072"><subfield code="a">as</subfield><subfield code="2">rero</subfield></datafield><datafield ind1="0" ind2="0" tag="245"><subfield code="a">Radio interferometry</subfield><subfield code="b">theory, techniques and applications : [IAU Colloquium No. 131 held at Socorro from 8 to 12 October, 1990]</subfield><subfield code="c">ed. by T. J. Cornwell... [et al.]</subfield></datafield><datafield ind1=" " ind2="1" tag="264"><subfield code="a">San Francisco</subfield><subfield code="b">Astronomical Society of the Pacific</subfield><subfield code="c">1991</subfield></datafield><datafield ind1=" " ind2=" " tag="300"><subfield code="a">III, 463 S.</subfield><subfield code="c">24 cm</subfield><subfield code="b">Ill.</subfield></datafield><datafield ind1=" " ind2=" " tag="336"><subfield code="b">txt</subfield><subfield code="2">rdacontent</subfield></datafield><datafield ind1=" " ind2=" " tag="337"><subfield code="b">n</subfield><subfield code="2">rdamedia</subfield></datafield><datafield ind1=" " ind2=" " tag="338"><subfield code="b">nc</subfield><subfield code="2">rdacarrier</subfield></datafield><datafield ind1="1" ind2=" " tag="490"><subfield code="a">Astronomical Society of the Pacific conference series</subfield><subfield code="v">Vol. 19</subfield></datafield><datafield ind1=" " ind2=" " tag="500"><subfield code="a">&quot;IAU Colloquium No. 131 was held at Socorro from 8 October to 12 October 1990&quot;</subfield></datafield><datafield ind1=" " ind2="7" tag="650"><subfield code="a">Interférométrie</subfield><subfield code="0">(IDREF)027616983</subfield><subfield code="2">idref</subfield></datafield><datafield ind1=" " ind2="7" tag="650"><subfield code="a">Radioastronomie</subfield><subfield code="0">(IDREF)027817946</subfield><subfield code="2">idref</subfield></datafield><datafield ind1=" " ind2="7" tag="650"><subfield code="a">INTERFEROMETER + INTERFEROMETRIE (ASTRONOMIE)</subfield><subfield code="9">ger</subfield><subfield code="0">(ETHUDK)000013956</subfield><subfield code="2">ethudk</subfield></datafield><datafield ind1=" " ind2="7" tag="650"><subfield code="a">RADIOASTRONOMIE</subfield><subfield code="9">ger</subfield><subfield code="0">(ETHUDK)000013925</subfield><subfield code="2">ethudk</subfield></datafield><datafield ind1=" " ind2="7" tag="655"><subfield code="a">Actes de congrès</subfield><subfield code="0">(IDREF)02886431X</subfield><subfield code="2">idref</subfield></datafield><datafield ind1=" " ind2="7" tag="655"><subfield code="a">Konferenzschrift</subfield><subfield code="z">Socorro (NM)</subfield><subfield code="y">1990/10</subfield><subfield code="2">gnd-content</subfield></datafield><datafield ind1="1" ind2=" " tag="700"><subfield code="a">Cornwell, T.J.</subfield></datafield><datafield ind1="1" ind2=" " tag="700"><subfield code="a">Cornwell, T. J.</subfield><subfield code="0">(IDREF)171013131</subfield></datafield><datafield ind1="2" ind2=" " tag="710"><subfield code="a">Union astronomique internationale</subfield><subfield code="b">Colloquium</subfield><subfield code="n">131</subfield><subfield code="d">1990</subfield><subfield code="c">Socorro</subfield><subfield code="0">(RERO)A012403031</subfield></datafield><datafield ind1="2" ind2=" " tag="711"><subfield code="a">International Astronomical Union</subfield><subfield code="e">Colloquium</subfield><subfield code="0">(DE-588)1092238662</subfield></datafield><datafield ind1=" " ind2="0" tag="830"><subfield code="a">Astronomical Society of the Pacific conference series</subfield><subfield code="v">19</subfield><subfield code="w">(RERO)1163261-41slsp</subfield></datafield><datafield ind1=" " ind2=" " tag="900"><subfield code="a">REROnoselfmerge</subfield></datafield><datafield ind1=" " ind2=" " tag="961"><subfield code="2">ge-obs</subfield><subfield code="a">20.14</subfield><subfield code="9">LOCAL</subfield></datafield><datafield ind1=" " ind2=" " tag="961"><subfield code="2">ge-obs</subfield><subfield code="a">27.8</subfield><subfield code="9">LOCAL</subfield></datafield><datafield ind1=" " ind2=" " tag="961"><subfield code="2">ge-obs</subfield><subfield code="a">21.81</subfield><subfield code="9">LOCAL</subfield></datafield><datafield ind1=" " ind2=" " tag="961"><subfield code="2">ge-obs</subfield><subfield code="a">21.2</subfield><subfield code="9">LOCAL</subfield></datafield></record>
</metadata></record>