<record><header><identifier>oai:alma.41SLSP_UGE:991000015299705502</identifier><datestamp>2024-02-20T01:19:04Z</datestamp><setSpec>uge_bcen_RapidILL_BOOK</setSpec><setSpec>uge_aaca_RapidILL_BOOK</setSpec><setSpec>uge_abels_RapidILL_BOOK</setSpec><setSpec>uge_dbu_RapidILL_BOOK</setSpec><setSpec>uge_cmu_RapidILL_BOOK</setSpec><setSpec>uge_mail_RapidILL_BOOK</setSpec><setSpec>uge_abbat_RapidILL_BOOK</setSpec><setSpec>UNIGE_ALL</setSpec><setSpec>uge_acar_RapidILL_BOOK</setSpec><setSpec>uge_aobs_RapidILL_BOOK</setSpec></header><metadata>
<record xmlns="http://www.loc.gov/MARC21/slim" xmlns:xsi="http://www.w3.org/2001/XMLSchema-instance" xsi:schemaLocation="http://www.loc.gov/MARC21/slim http://www.loc.gov/standards/marcxml/schema/MARC21slim.xsd"><leader>02291nam a2200277 c 4500</leader><controlfield tag="001">991000015299705502</controlfield><controlfield tag="005">20240219114115.0</controlfield><controlfield tag="008">860813s1982    gr ||||| |||| 10| ||fre d</controlfield><datafield ind1=" " ind2=" " tag="035"><subfield code="a">(swissbib)081005091-41slsp_network</subfield></datafield><datafield ind1=" " ind2=" " tag="035"><subfield code="a">081005091</subfield><subfield code="9">ExL</subfield></datafield><datafield ind1=" " ind2=" " tag="035"><subfield code="a">(RERO)0740252-41slsp</subfield></datafield><datafield ind1=" " ind2=" " tag="035"><subfield code="a">(EXLNZ-41SLSP_NETWORK)991064239159705501</subfield></datafield><datafield ind1=" " ind2=" " tag="040"><subfield code="a">RERO frbcuc</subfield><subfield code="d">CH-ZuSLS</subfield></datafield><datafield ind1="0" ind2=" " tag="041"><subfield code="a">fre</subfield><subfield code="a">gre</subfield><subfield code="a">ger</subfield></datafield><datafield ind1=" " ind2="7" tag="072"><subfield code="a">gr</subfield><subfield code="2">rero</subfield></datafield><datafield ind1="0" ind2="0" tag="245"><subfield code="6">880-01</subfield><subfield code="a">Praktika Pangosmiou Synedriou &quot;Aristotelis&quot;</subfield><subfield code="b">Thessaloniki, 7-14 augoustou 1978.</subfield><subfield code="n">3 = Proceedings of the World Congress on Aristotle : Thessaloniki August 7-14, 1978. 3</subfield></datafield><datafield ind1="0" ind2="0" tag="880"><subfield code="6">245-01/(S</subfield><subfield code="a">Πρακτικά Παγκοσμίου Συνεδρίου &quot;Αριστοτέλης&quot;</subfield><subfield code="b">Θεσσαλονίκη, 7-14 αυγούστου 1978.</subfield><subfield code="n">3 = Proceedings of the World Congress on Aristotle : Thessaloniki August 7-14, 1978. 3</subfield></datafield><datafield ind1=" " ind2="1" tag="264"><subfield code="6">880-02</subfield><subfield code="a">Athēnai</subfield><subfield code="b">Publ. of the Ministry of Culture and Sciences</subfield><subfield code="c">1982</subfield></datafield><datafield ind1=" " ind2="1" tag="880"><subfield code="6">264-02/(S</subfield><subfield code="a">Αθήναι</subfield><subfield code="b">Publ. of the Ministry of Culture and Sciences</subfield><subfield code="c">1982</subfield></datafield><datafield ind1=" " ind2=" " tag="300"><subfield code="a">297 p.</subfield><subfield code="c">25 cm</subfield></datafield><datafield ind1=" " ind2=" " tag="336"><subfield code="b">txt</subfield><subfield code="2">rdacontent</subfield></datafield><datafield ind1=" " ind2=" " tag="337"><subfield code="b">n</subfield><subfield code="2">rdamedia</subfield></datafield><datafield ind1=" " ind2=" " tag="338"><subfield code="b">nc</subfield><subfield code="2">rdacarrier</subfield></datafield><datafield ind1="2" ind2=" " tag="711"><subfield code="a">Congrès mondial sur Aristote</subfield><subfield code="d">1978</subfield><subfield code="c">Thessaloniki</subfield><subfield code="0">(RERO)A012446853</subfield></datafield><datafield ind1=" " ind2="0" tag="830"><subfield code="6">880-03</subfield><subfield code="a">Praktika Pangosmiou Synedriou &quot;Aristotelis&quot;</subfield><subfield code="v">3</subfield><subfield code="w">(RERO)0740217-41slsp</subfield></datafield><datafield ind1=" " ind2="0" tag="880"><subfield code="6">830-03/(S</subfield><subfield code="a">Πρακτικά Παγκοσμίου Συνεδρίου &quot;Αριστοτέλης&quot; : Θεσσαλονίκη, 7-14 αυγούστου 1978 = Proceedings of the World Congress on Aristotle : Thessaloniki August 7-14, 1978</subfield><subfield code="v">3</subfield></datafield><datafield ind1=" " ind2=" " tag="900"><subfield code="a">REROnoselfmerge</subfield></datafield></record>
</metadata></record>