<record><header><identifier>oai:alma.41SLSP_UGE:991000014669705502</identifier><datestamp>2023-04-14T00:13:14Z</datestamp><setSpec>uge_bcen_RapidILL_BOOK</setSpec><setSpec>uge_aaca_RapidILL_BOOK</setSpec><setSpec>uge_abels_RapidILL_BOOK</setSpec><setSpec>uge_dbu_RapidILL_BOOK</setSpec><setSpec>uge_cmu_RapidILL_BOOK</setSpec><setSpec>uge_mail_RapidILL_BOOK</setSpec><setSpec>uge_abbat_RapidILL_BOOK</setSpec><setSpec>UNIGE_ALL</setSpec><setSpec>uge_aobs_RapidILL_BOOK</setSpec><setSpec>uge_acar_RapidILL_BOOK</setSpec></header><metadata>
<record xmlns="http://www.loc.gov/MARC21/slim" xmlns:xsi="http://www.w3.org/2001/XMLSchema-instance" xsi:schemaLocation="http://www.loc.gov/MARC21/slim http://www.loc.gov/standards/marcxml/schema/MARC21slim.xsd"><leader>02417nam a2200553 c 4500</leader><controlfield tag="001">991000014669705502</controlfield><controlfield tag="005">20230413205751.0</controlfield><controlfield tag="008">201011t19991999xxk||||| |||| 00| ||eng d</controlfield><datafield ind1=" " ind2=" " tag="010"><subfield code="a">98049603</subfield></datafield><datafield ind1=" " ind2=" " tag="020"><subfield code="a">1852331259</subfield></datafield><datafield ind1="7" ind2=" " tag="024"><subfield code="a">http://catalogue.bnf.fr/ark:/12148/cb373209880</subfield><subfield code="2">uri</subfield></datafield><datafield ind1=" " ind2=" " tag="035"><subfield code="a">(swissbib)215836146-41slsp_network</subfield></datafield><datafield ind1=" " ind2=" " tag="035"><subfield code="a">215836146</subfield><subfield code="9">ExL</subfield></datafield><datafield ind1=" " ind2=" " tag="035"><subfield code="a">(RERO)R255228060-41slsp</subfield></datafield><datafield ind1=" " ind2=" " tag="035"><subfield code="a">(IDSBB)004390561DSV01</subfield></datafield><datafield ind1=" " ind2=" " tag="035"><subfield code="a">(NEBIS)002053018EBI01</subfield></datafield><datafield ind1=" " ind2=" " tag="035"><subfield code="a">(EXLNZ-41SLSP_NETWORK)991070913979705501</subfield></datafield><datafield ind1=" " ind2=" " tag="040"><subfield code="a">RERO geussm</subfield><subfield code="d">CH-ZuSLS</subfield></datafield><datafield ind1=" " ind2="7" tag="072"><subfield code="a">ma</subfield><subfield code="2">rero</subfield></datafield><datafield ind1=" " ind2="7" tag="072"><subfield code="a">mt</subfield><subfield code="2">SzZuIDS BS/BE</subfield></datafield><datafield ind1="1" ind2="4" tag="082"><subfield code="a">510</subfield><subfield code="2">15</subfield></datafield><datafield ind1=" " ind2=" " tag="084"><subfield code="a">10</subfield><subfield code="2">msc</subfield></datafield><datafield ind1=" " ind2=" " tag="084"><subfield code="a">SK 240</subfield><subfield code="2">rvk</subfield></datafield><datafield ind1="1" ind2=" " tag="100"><subfield code="a">Everest, Graham</subfield><subfield code="c">mathématicien</subfield><subfield code="d">1957-....</subfield><subfield code="0">(IDREF)075960451</subfield><subfield code="4">cre</subfield></datafield><datafield ind1="1" ind2="0" tag="245"><subfield code="a">Heights of polynomials and entropy in algebraic dynamics</subfield><subfield code="c">Graham Everest, Thomas Ward</subfield></datafield><datafield ind1=" " ind2="1" tag="264"><subfield code="a">London [etc.]</subfield><subfield code="b">Springer</subfield><subfield code="c">[1999]</subfield></datafield><datafield ind1=" " ind2="4" tag="264"><subfield code="c">© 1999</subfield></datafield><datafield ind1=" " ind2=" " tag="300"><subfield code="a">XII, 211 p.</subfield><subfield code="c">25 cm</subfield><subfield code="b">ill.</subfield></datafield><datafield ind1=" " ind2=" " tag="336"><subfield code="b">txt</subfield><subfield code="2">rdacontent</subfield></datafield><datafield ind1=" " ind2=" " tag="337"><subfield code="b">n</subfield><subfield code="2">rdamedia</subfield></datafield><datafield ind1=" " ind2=" " tag="338"><subfield code="b">nc</subfield><subfield code="2">rdacarrier</subfield></datafield><datafield ind1="1" ind2=" " tag="490"><subfield code="a">Universitext</subfield></datafield><datafield ind1=" " ind2="7" tag="650"><subfield code="a">DYNAMISCHE SYSTEME (ANALYSIS)</subfield><subfield code="9">ger</subfield><subfield code="0">(ETHUDK)000013352</subfield><subfield code="2">ethudk</subfield></datafield><datafield ind1=" " ind2="7" tag="650"><subfield code="a">ELLIPTISCHE FUNKTIONEN + ELLIPTISCHE INTEGRALE (ANALYSIS)</subfield><subfield code="9">ger</subfield><subfield code="0">(ETHUDK)000013309</subfield><subfield code="2">ethudk</subfield></datafield><datafield ind1=" " ind2="7" tag="650"><subfield code="a">MASS UND KAPAZITÄT (ANALYSIS)</subfield><subfield code="9">ger</subfield><subfield code="0">(ETHUDK)000013193</subfield><subfield code="2">ethudk</subfield></datafield><datafield ind1=" " ind2="7" tag="650"><subfield code="a">TOPOLOGISCHE ENTROPIE (ANALYSIS)</subfield><subfield code="9">ger</subfield><subfield code="0">(ETHUDK)000013493</subfield><subfield code="2">ethudk</subfield></datafield><datafield ind1=" " ind2=" " tag="690"><subfield code="a">11G07</subfield><subfield code="d">Elliptic curves over local fields [See also 14G20, 14H52]</subfield><subfield code="2">uzb-UT</subfield></datafield><datafield ind1=" " ind2=" " tag="690"><subfield code="a">11S05</subfield><subfield code="d">Polynomials</subfield><subfield code="2">uzb-UT</subfield></datafield><datafield ind1=" " ind2=" " tag="690"><subfield code="a">22D40</subfield><subfield code="d">Ergodic theory on groups [See also 28Dxx and 43A60]</subfield><subfield code="2">uzb-UT</subfield></datafield><datafield ind1=" " ind2=" " tag="690"><subfield code="a">11Cxx</subfield><subfield code="d">Polynomials and matrices</subfield><subfield code="2">uzb-UT</subfield></datafield><datafield ind1=" " ind2=" " tag="690"><subfield code="a">11Sxx</subfield><subfield code="d">Algebraic number theory: local and p-adic fields</subfield><subfield code="2">uzb-UT</subfield></datafield><datafield ind1=" " ind2=" " tag="690"><subfield code="a">54C70</subfield><subfield code="d">Entropy</subfield><subfield code="2">uzb-UT</subfield></datafield><datafield ind1=" " ind2=" " tag="690"><subfield code="a">54H20</subfield><subfield code="d">Topological dynamics [See also 28Dxx, 34C35, 58Fxx]</subfield><subfield code="2">uzb-UT</subfield></datafield><datafield ind1="1" ind2=" " tag="700"><subfield code="a">Ward, Thomas</subfield><subfield code="d">1963-</subfield><subfield code="0">(DE-588)120570327</subfield><subfield code="6">880-02</subfield></datafield><datafield ind1="1" ind2=" " tag="880"><subfield code="6">700-02</subfield><subfield code="a">Ward, Thomas</subfield><subfield code="d">1963-....</subfield><subfield code="0">(IDREF)075968584</subfield></datafield><datafield ind1="4" ind2=" " tag="856"><subfield code="3">Inhaltsverzeichnis</subfield><subfield code="u">http://www.ub.unibas.ch/tox/HBZ/HT010084823/PDF</subfield><subfield code="q">pdf</subfield></datafield><datafield ind1="4" ind2=" " tag="856"><subfield code="3">Abstract / Autoreninformation</subfield><subfield code="u">https://toc.library.ethz.ch/objects/pdf/000022993_e01_1852331259_02.pdf</subfield><subfield code="q">pdf</subfield></datafield><datafield ind1=" " ind2="0" tag="830"><subfield code="a">Universitext</subfield><subfield code="w">(RERO)0213096-41slsp</subfield></datafield><datafield ind1=" " ind2=" " tag="949"><subfield code="a">https://toc.library.ethz.ch/objects/pdf/000022993_e01_1852331259_02.pdf</subfield></datafield><datafield ind1=" " ind2=" " tag="949"><subfield code="a">http://www.ub.unibas.ch/tox/HBZ/HT010084823/PDF</subfield></datafield></record>
</metadata></record>