<record><header><identifier>oai:alma.41SLSP_UGE:991000014979705502</identifier><datestamp>2024-07-27T01:46:27Z</datestamp><setSpec>uge_bcen_RapidILL_BOOK</setSpec><setSpec>uge_aaca_RapidILL_BOOK</setSpec><setSpec>uge_abels_RapidILL_BOOK</setSpec><setSpec>uge_dbu_RapidILL_BOOK</setSpec><setSpec>uge_cmu_RapidILL_BOOK</setSpec><setSpec>uge_mail_RapidILL_BOOK</setSpec><setSpec>uge_abbat_RapidILL_BOOK</setSpec><setSpec>UNIGE_ALL</setSpec><setSpec>uge_acar_RapidILL_BOOK</setSpec><setSpec>uge_aobs_RapidILL_BOOK</setSpec></header><metadata>
<record xmlns="http://www.loc.gov/MARC21/slim" xmlns:xsi="http://www.w3.org/2001/XMLSchema-instance" xsi:schemaLocation="http://www.loc.gov/MARC21/slim http://www.loc.gov/standards/marcxml/schema/MARC21slim.xsd"><leader>02819nam a22006132ca4500</leader><controlfield tag="001">991000014979705502</controlfield><controlfield tag="005">20230630122510.0</controlfield><controlfield tag="008">201011s1964    it ||||| |||| 00| ||ita d</controlfield><datafield ind1=" " ind2=" " tag="019"><subfield code="a">Nota AP: Flaiano</subfield><subfield code="5">SBT/11.06.2018/gic</subfield></datafield><datafield ind1=" " ind2=" " tag="035"><subfield code="a">(swissbib)22373926X-41slsp_network</subfield></datafield><datafield ind1=" " ind2=" " tag="035"><subfield code="a">22373926X</subfield><subfield code="9">ExL</subfield></datafield><datafield ind1=" " ind2=" " tag="035"><subfield code="a">(NEBIS)003142256EBI01</subfield></datafield><datafield ind1=" " ind2=" " tag="035"><subfield code="a">(IDSBB)000254058DSV01</subfield></datafield><datafield ind1=" " ind2=" " tag="035"><subfield code="a">(RERO)0166498-41slsp</subfield></datafield><datafield ind1=" " ind2=" " tag="035"><subfield code="a">(SBT)000136842SBT01</subfield></datafield><datafield ind1=" " ind2=" " tag="035"><subfield code="a">(IDSSG)000498562HSB01</subfield></datafield><datafield ind1=" " ind2=" " tag="035"><subfield code="a">(EXLNZ-41SLSP_NETWORK)991117909329705501</subfield></datafield><datafield ind1=" " ind2=" " tag="040"><subfield code="a">SzZuIDS BS/BE A100</subfield><subfield code="d">CH-ZuSLS</subfield></datafield><datafield ind1=" " ind2="7" tag="072"><subfield code="a">it</subfield><subfield code="2">SzZuIDS BS/BE</subfield></datafield><datafield ind1=" " ind2="7" tag="072"><subfield code="a">it</subfield><subfield code="2">rero</subfield></datafield><datafield ind1="0" ind2="4" tag="082"><subfield code="a">853.8</subfield><subfield code="2">20</subfield></datafield><datafield ind1="0" ind2="4" tag="082"><subfield code="a">858.8</subfield></datafield><datafield ind1="0" ind2="4" tag="082"><subfield code="a">858.807</subfield></datafield><datafield ind1="0" ind2="4" tag="082"><subfield code="a">853.9</subfield></datafield><datafield ind1="1" ind2="4" tag="082"><subfield code="a">858.803</subfield><subfield code="2">22</subfield></datafield><datafield ind1="1" ind2="4" tag="082"><subfield code="a">858.8</subfield><subfield code="2">21</subfield></datafield><datafield ind1="1" ind2=" " tag="100"><subfield code="a">Pisani Dossi, Alberto</subfield><subfield code="d">1849-1910</subfield><subfield code="0">(DE-588)119145227</subfield></datafield><datafield ind1="1" ind2="0" tag="245"><subfield code="a">Note azzurre</subfield><subfield code="c">Carlo Dossi ; a cura di Dante Isella</subfield></datafield><datafield ind1=" " ind2="1" tag="264"><subfield code="a">Milano</subfield><subfield code="b">Adelphi</subfield><subfield code="c">1964</subfield></datafield><datafield ind1=" " ind2=" " tag="300"><subfield code="a">2 vol. (XXII, 1083 p.)</subfield><subfield code="b">ill.</subfield><subfield code="c">20 cm</subfield></datafield><datafield ind1=" " ind2=" " tag="336"><subfield code="b">txt</subfield><subfield code="2">rdacontent</subfield></datafield><datafield ind1=" " ind2=" " tag="337"><subfield code="b">n</subfield><subfield code="2">rdamedia</subfield></datafield><datafield ind1=" " ind2=" " tag="338"><subfield code="b">nc</subfield><subfield code="2">rdacarrier</subfield></datafield><datafield ind1="1" ind2=" " tag="490"><subfield code="a">Classici Adelphi</subfield><subfield code="v">10</subfield></datafield><datafield ind1="0" ind2=" " tag="490"><subfield code="a">Classici (Adelphi Edizioni)</subfield><subfield code="v">10</subfield></datafield><datafield ind1=" " ind2=" " tag="500"><subfield code="a">Auf Schutzumschlag: Classici Adelphi</subfield></datafield><datafield ind1="1" ind2="0" tag="600"><subfield code="a">Dossi, Carlo</subfield><subfield code="d">1849-1910</subfield><subfield code="t">Note azzurre</subfield></datafield><datafield ind1="1" ind2="0" tag="600"><subfield code="a">Dossi, Carlo</subfield><subfield code="d">1849-1910</subfield><subfield code="v">Notebooks, sketchbooks, etc</subfield></datafield><datafield ind1="1" ind2="7" tag="600"><subfield code="a">Pisani Dossi, Alberto</subfield><subfield code="d">1849-1910</subfield><subfield code="0">(DE-588)119145227</subfield><subfield code="2">gnd</subfield></datafield><datafield ind1=" " ind2=" " tag="690"><subfield code="a">Cremona[52]; Foto[42]; Karikatur[21]; Biographie[14]; Fotografie[14]; Vermerk[14]; Zeichnung[14]; Bruder[13]; Mütter[12]; Dante[10]; Kind[10]; Milan[10]; Tabellenwerk[10]; Väter[10]; Autogramm[7]; Don[7]; Dossi[7]; Oper[7]; Archiv[5]; Labor[5]; Bibliographie[3]; Donna[3]; Garten[3]; Heimat[3]; Index[3]; Laptop[3]; Liebe[3]; Register</subfield><subfield code="2">idssg-J</subfield></datafield><datafield ind1=" " ind2=" " tag="690"><subfield code="a">Titelseite</subfield><subfield code="2">idssg-J</subfield></datafield><datafield ind1=" " ind2=" " tag="690"><subfield code="a">blauer Carlo; persönliche Bemerkung; persönliche Notiz</subfield><subfield code="2">idssg-J</subfield></datafield><datafield ind1=" " ind2=" " tag="690"><subfield code="a">Belgien C4EUBL</subfield><subfield code="2">idssg-J</subfield></datafield><datafield ind1=" " ind2=" " tag="690"><subfield code="a">Alberto Pisani Dossiin; Alberto Pisani Dossimit; Carlo DOSSI; Carlo Alberto Pisani Dossiin; Carlo Alberto Pisani Dossimit; Dante ISELLA ADELPHI; Donna Carlotta Borsani; Familie Pisani Dossiim Garten; Frau Donna Carlotta Borsani; Joseph Rovani; Luigi Perelli; Opa Don Carlo Pisani Dossi; Paolo Gorini</subfield><subfield code="2">idssg-J</subfield></datafield><datafield ind1=" " ind2=" " tag="691"><subfield code="e">858.8</subfield><subfield code="a">Scritti miscellanei italiani, 1859-1900</subfield><subfield code="2">usi-TE</subfield></datafield><datafield ind1="1" ind2=" " tag="700"><subfield code="a">Dossi, Carlo</subfield><subfield code="d">1849-1910</subfield><subfield code="0">(IDREF)028474740</subfield><subfield code="4">cre</subfield></datafield><datafield ind1="1" ind2=" " tag="700"><subfield code="a">Dossi, Carlo</subfield><subfield code="0">(SBT11)000002759</subfield></datafield><datafield ind1="1" ind2=" " tag="700"><subfield code="a">Isella, Dante</subfield><subfield code="d">1922-2007</subfield><subfield code="0">(DE-588)119336324</subfield><subfield code="6">880-02</subfield></datafield><datafield ind1="1" ind2=" " tag="880"><subfield code="6">700-02</subfield><subfield code="a">Isella, Dante</subfield><subfield code="d">1922-2007</subfield><subfield code="0">(IDREF)28402049</subfield></datafield><datafield ind1="4" ind2=" " tag="856"><subfield code="u">https://tools.unisg.ch/url/hm00261274</subfield><subfield code="z">Inhaltsverzeichnis</subfield></datafield><datafield ind1=" " ind2="0" tag="830"><subfield code="a">Classici</subfield><subfield code="v">10</subfield><subfield code="w">(IDSBB)000483803DSV01</subfield></datafield><datafield ind1=" " ind2="0" tag="830"><subfield code="a">Classici</subfield><subfield code="v">10</subfield><subfield code="w">(SBT)000002118SBT01</subfield></datafield><datafield ind1=" " ind2=" " tag="900"><subfield code="a">IDSZRMedeaZBZ</subfield><subfield code="b">IDSZRSWK</subfield></datafield><datafield ind1=" " ind2=" " tag="900"><subfield code="b">IDST9MEBCcirc</subfield></datafield><datafield ind1=" " ind2=" " tag="949"><subfield code="a">https://tools.unisg.ch/url/hm00261274</subfield></datafield><datafield ind1=" " ind2=" " tag="993"><subfield code="a">BFLA 158058</subfield><subfield code="x">ge/ulit/a/FLs 2982</subfield><subfield code="9">LOCAL</subfield></datafield></record>
</metadata></record>