<record><header><identifier>oai:alma.41SLSP_UGE:991000014459705502</identifier><datestamp>2023-03-01T01:08:53Z</datestamp><setSpec>uge_cmu_RapidILL_JOURNAL</setSpec><setSpec>uge_aobs_RapidILL_JOURNAL</setSpec><setSpec>uge_aaca_RapidILL_JOURNAL</setSpec><setSpec>uge_bcen_RapidILL_JOURNAL</setSpec><setSpec>uge_abbat_RapidILL_JOURNAL</setSpec><setSpec>uge_mail_RapidILL_JOURNAL</setSpec><setSpec>uge_dbu_RapidILL_JOURNAL</setSpec><setSpec>UNIGE_ALL</setSpec><setSpec>uge_abels_RapidILL_JOURNAL</setSpec><setSpec>uge_acar_RapidILL_JOURNAL</setSpec></header><metadata>
<record xmlns="http://www.loc.gov/MARC21/slim" xmlns:xsi="http://www.w3.org/2001/XMLSchema-instance" xsi:schemaLocation="http://www.loc.gov/MARC21/slim http://www.loc.gov/standards/marcxml/schema/MARC21slim.xsd"><leader>01293nas a2200373 c 4500</leader><controlfield tag="001">991000014459705502</controlfield><controlfield tag="005">20201231161146.0</controlfield><controlfield tag="008">201012c19889999xxk|| p|      0   |0eng d</controlfield><datafield ind1=" " ind2=" " tag="022"><subfield code="a">0952-7907</subfield></datafield><datafield ind1=" " ind2=" " tag="035"><subfield code="a">(swissbib)240268180-41slsp_network</subfield></datafield><datafield ind1=" " ind2=" " tag="035"><subfield code="a">240268180</subfield><subfield code="9">ExL</subfield></datafield><datafield ind1=" " ind2=" " tag="035"><subfield code="a">(IDSBB)007192782DSV01</subfield></datafield><datafield ind1=" " ind2=" " tag="035"><subfield code="a">(RERO)1555338-41slsp</subfield></datafield><datafield ind1=" " ind2=" " tag="035"><subfield code="a">(NEBIS)007872235EBI01</subfield></datafield><datafield ind1=" " ind2=" " tag="035"><subfield code="a">(EXLNZ-41SLSP_NETWORK)991040833189705501</subfield></datafield><datafield ind1=" " ind2=" " tag="040"><subfield code="a">SzZuIDS BS/BE B400</subfield><subfield code="b">ger</subfield><subfield code="e">rda</subfield><subfield code="d">CH-ZuSLS</subfield></datafield><datafield ind1=" " ind2="7" tag="072"><subfield code="a">me</subfield><subfield code="2">rero</subfield></datafield><datafield ind1="0" ind2=" " tag="210"><subfield code="a">Curr Opin Anaesthesiol</subfield></datafield><datafield ind1="0" ind2="0" tag="245"><subfield code="a">Current opinion in anaesthesiology</subfield><subfield code="b">reviews of all advances, evaluation of key references, comprehensive listing of papers</subfield></datafield><datafield ind1="1" ind2=" " tag="246"><subfield code="a">Current opinion in anesthesiology</subfield></datafield><datafield ind1=" " ind2="1" tag="264"><subfield code="a">Hagerstown, Md.</subfield><subfield code="b">Lippincott Williams &amp; Wilkins</subfield><subfield code="c">Vol. 1(1988)-</subfield></datafield><datafield ind1="2" ind2="1" tag="264"><subfield code="a">London</subfield><subfield code="b">Gower</subfield></datafield><datafield ind1=" " ind2=" " tag="300"><subfield code="a">Bände</subfield></datafield><datafield ind1=" " ind2=" " tag="310"><subfield code="a">halbjährlich</subfield></datafield><datafield ind1=" " ind2=" " tag="336"><subfield code="b">txt</subfield><subfield code="2">rdacontent</subfield></datafield><datafield ind1=" " ind2=" " tag="337"><subfield code="b">n</subfield><subfield code="2">rdamedia</subfield></datafield><datafield ind1=" " ind2=" " tag="338"><subfield code="b">nc</subfield><subfield code="2">rdacarrier</subfield></datafield><datafield ind1="0" ind2=" " tag="362"><subfield code="a">Vol. 1, no. 1 (1988)-</subfield></datafield><datafield ind1=" " ind2=" " tag="500"><subfield code="a">Hauptsachtitel bis Vol. 19(2006): Current opinion in anaesthesiology</subfield></datafield><datafield ind1=" " ind2=" " tag="500"><subfield code="a">Depuis 1994, paraît sous le titre: Current opinion in anesthesiology</subfield></datafield><datafield ind1=" " ind2="2" tag="650"><subfield code="a">Anesthesiology</subfield></datafield><datafield ind1=" " ind2="2" tag="655"><subfield code="a">Periodical</subfield></datafield><datafield ind1=" " ind2="7" tag="655"><subfield code="a">Zeitschrift</subfield><subfield code="2">gnd-content</subfield></datafield><datafield ind1=" " ind2=" " tag="900"><subfield code="a">REROnoselfmerge</subfield></datafield><datafield ind1=" " ind2=" " tag="900"><subfield code="a">NEBISnoselfmerge</subfield></datafield></record>
</metadata></record>