<record><header><identifier>oai:alma.41SLSP_UGE:991000015209705502</identifier><datestamp>2024-03-22T01:21:57Z</datestamp><setSpec>uge_bcen_RapidILL_BOOK</setSpec><setSpec>uge_aaca_RapidILL_BOOK</setSpec><setSpec>uge_abels_RapidILL_BOOK</setSpec><setSpec>uge_dbu_RapidILL_BOOK</setSpec><setSpec>uge_cmu_RapidILL_BOOK</setSpec><setSpec>uge_mail_RapidILL_BOOK</setSpec><setSpec>uge_abbat_RapidILL_BOOK</setSpec><setSpec>UNIGE_ALL</setSpec><setSpec>uge_aobs_RapidILL_BOOK</setSpec><setSpec>uge_acar_RapidILL_BOOK</setSpec></header><metadata>
<record xmlns="http://www.loc.gov/MARC21/slim" xmlns:xsi="http://www.w3.org/2001/XMLSchema-instance" xsi:schemaLocation="http://www.loc.gov/MARC21/slim http://www.loc.gov/standards/marcxml/schema/MARC21slim.xsd"><leader>01407nam a2200397 ca4500</leader><controlfield tag="001">991000015209705502</controlfield><controlfield tag="005">20240321232901.0</controlfield><controlfield tag="008">201011m19791980xxu||||| |||| 00| ||eng d</controlfield><datafield ind1=" " ind2=" " tag="019"><subfield code="a">Übergeordnete Aufnahme = Niveau supérieur = Livello superiore</subfield><subfield code="5">SLSP/2020</subfield></datafield><datafield ind1="7" ind2=" " tag="024"><subfield code="a">http://catalogue.bnf.fr/ark:/12148/cb44630641x</subfield><subfield code="2">uri</subfield></datafield><datafield ind1=" " ind2=" " tag="035"><subfield code="a">(swissbib)219631379-41slsp_network</subfield></datafield><datafield ind1=" " ind2=" " tag="035"><subfield code="a">219631379</subfield><subfield code="9">ExL</subfield></datafield><datafield ind1=" " ind2=" " tag="035"><subfield code="a">(RERO)0393652-41slsp</subfield></datafield><datafield ind1=" " ind2=" " tag="035"><subfield code="a">(IDSBB)003577371DSV01</subfield></datafield><datafield ind1=" " ind2=" " tag="035"><subfield code="a">(NEBIS)007662514EBI01</subfield></datafield><datafield ind1=" " ind2=" " tag="035"><subfield code="a">(EXLNZ-41SLSP_NETWORK)991014903659705501</subfield></datafield><datafield ind1=" " ind2=" " tag="040"><subfield code="a">RERO</subfield><subfield code="d">CH-ZuSLS</subfield></datafield><datafield ind1=" " ind2=" " tag="044"><subfield code="a">xxu</subfield></datafield><datafield ind1=" " ind2="7" tag="072"><subfield code="a">me</subfield><subfield code="2">rero</subfield></datafield><datafield ind1="0" ind2="0" tag="245"><subfield code="a">&lt;&lt;The&gt;&gt; laboratory rat</subfield><subfield code="c">ed. by Henry J. Baker, J. Russell Lindsey ... [et al.]</subfield></datafield><datafield ind1=" " ind2="1" tag="264"><subfield code="a">New York</subfield><subfield code="a">London [etc.]</subfield><subfield code="b">Academic Press</subfield><subfield code="c">1979-1980</subfield></datafield><datafield ind1=" " ind2=" " tag="300"><subfield code="a">2 vol.</subfield><subfield code="b">ill.</subfield><subfield code="c">29 cm</subfield></datafield><datafield ind1=" " ind2=" " tag="336"><subfield code="b">txt</subfield><subfield code="2">rdacontent</subfield></datafield><datafield ind1=" " ind2=" " tag="337"><subfield code="b">n</subfield><subfield code="2">rdamedia</subfield></datafield><datafield ind1=" " ind2=" " tag="338"><subfield code="b">nc</subfield><subfield code="2">rdacarrier</subfield></datafield><datafield ind1="1" ind2=" " tag="490"><subfield code="a">American college of laboratory animal medicine series</subfield></datafield><datafield ind1=" " ind2="2" tag="650"><subfield code="a">Animals, Laboratory</subfield></datafield><datafield ind1=" " ind2="2" tag="650"><subfield code="a">Rats</subfield></datafield><datafield ind1=" " ind2="4" tag="650"><subfield code="a">Laboratorium</subfield></datafield><datafield ind1=" " ind2="4" tag="650"><subfield code="a">Ratte</subfield></datafield><datafield ind1=" " ind2="2" tag="650"><subfield code="a">Animals, Laboratory</subfield><subfield code="0">(DNLM)D000830</subfield></datafield><datafield ind1=" " ind2="2" tag="650"><subfield code="a">Rats</subfield><subfield code="0">(DNLM)D051381</subfield></datafield><datafield ind1="1" ind2=" " tag="700"><subfield code="a">Weisbroth, Steven H.</subfield></datafield><datafield ind1="1" ind2=" " tag="700"><subfield code="a">Lindsey, James Russel</subfield><subfield code="d">1933-....</subfield><subfield code="0">(IDREF)130329029</subfield></datafield><datafield ind1="1" ind2=" " tag="700"><subfield code="a">Baker, Henry J.</subfield><subfield code="0">(IDREF)130329231</subfield></datafield><datafield ind1=" " ind2="0" tag="830"><subfield code="a">American College of Laboratory Animal Medicine Series</subfield><subfield code="w">(RERO)0393651-41slsp</subfield></datafield><datafield ind1=" " ind2=" " tag="900"><subfield code="a">REROnoselfmerge</subfield></datafield></record>
</metadata></record>