<record><header><identifier>oai:alma.41SLSP_UGE:991000015309705502</identifier><datestamp>2024-04-09T00:12:17Z</datestamp><setSpec>uge_bcen_RapidILL_BOOK</setSpec><setSpec>uge_aaca_RapidILL_BOOK</setSpec><setSpec>uge_abels_RapidILL_BOOK</setSpec><setSpec>uge_dbu_RapidILL_BOOK</setSpec><setSpec>uge_cmu_RapidILL_BOOK</setSpec><setSpec>uge_mail_RapidILL_BOOK</setSpec><setSpec>uge_abbat_RapidILL_BOOK</setSpec><setSpec>UNIGE_ALL</setSpec><setSpec>uge_aobs_RapidILL_BOOK</setSpec><setSpec>uge_acar_RapidILL_BOOK</setSpec></header><metadata>
<record xmlns="http://www.loc.gov/MARC21/slim" xmlns:xsi="http://www.w3.org/2001/XMLSchema-instance" xsi:schemaLocation="http://www.loc.gov/MARC21/slim http://www.loc.gov/standards/marcxml/schema/MARC21slim.xsd"><leader>01589nam a2200325 c 4500</leader><controlfield tag="001">991000015309705502</controlfield><controlfield tag="005">20230315212831.0</controlfield><controlfield tag="008">180321s2017    fr ||||| |||| 00| ||fre d</controlfield><datafield ind1=" " ind2=" " tag="020"><subfield code="a">9782365121521</subfield><subfield code="c">5 EUR</subfield></datafield><datafield ind1="7" ind2=" " tag="024"><subfield code="a">http://catalogue.bnf.fr/ark:/12148/cb45423150t</subfield><subfield code="2">uri</subfield></datafield><datafield ind1=" " ind2=" " tag="035"><subfield code="a">(swissbib)124657419-41slsp_network</subfield></datafield><datafield ind1=" " ind2=" " tag="035"><subfield code="a">124657419</subfield><subfield code="9">ExL</subfield></datafield><datafield ind1=" " ind2=" " tag="035"><subfield code="a">(RERO)R008778861-41slsp</subfield></datafield><datafield ind1=" " ind2=" " tag="035"><subfield code="a">(EXLNZ-41SLSP_NETWORK)991117285819705501</subfield></datafield><datafield ind1=" " ind2=" " tag="040"><subfield code="a">FRBNF</subfield><subfield code="d">CH-ZuSLS</subfield></datafield><datafield ind1=" " ind2="7" tag="072"><subfield code="a">se</subfield><subfield code="2">rero</subfield></datafield><datafield ind1="1" ind2=" " tag="100"><subfield code="a">Pigeard de Gurbert, Guillaume</subfield><subfield code="0">(IDREF)031162355</subfield><subfield code="4">cre</subfield></datafield><datafield ind1="1" ind2="0" tag="245"><subfield code="a">&lt;&lt;Le&gt;&gt; Capital de Marx: 1867-2017</subfield><subfield code="b">150 ans et pas une ride</subfield><subfield code="c">Guillaume Pigeard de Gurbert</subfield></datafield><datafield ind1="1" ind2=" " tag="246"><subfield code="a">150 ans et pas une ride</subfield></datafield><datafield ind1=" " ind2="1" tag="264"><subfield code="a">Vulaines-sur-Seine</subfield><subfield code="b">Ed. du Croquant</subfield><subfield code="c">2017</subfield></datafield><datafield ind1=" " ind2=" " tag="300"><subfield code="a">1 vol. (69 p.)</subfield><subfield code="c">16 cm</subfield></datafield><datafield ind1=" " ind2=" " tag="336"><subfield code="b">txt</subfield><subfield code="2">rdacontent</subfield></datafield><datafield ind1=" " ind2=" " tag="337"><subfield code="b">n</subfield><subfield code="2">rdamedia</subfield></datafield><datafield ind1=" " ind2=" " tag="338"><subfield code="b">nc</subfield><subfield code="2">rdacarrier</subfield></datafield><datafield ind1="8" ind2=" " tag="520"><subfield code="a">Résumé fourni par l'éditeur: Des analyses de Marx, lesquelles sont périmées? Y en a-t-il qui ont gardé leur actualité? Lesquelles? Aucune? La lecture du Capital, publié il y a 150 ans, pose plutôt la question de savoir quelle analyse marxienne n'est pas actuelle: chômage, dette publique, surproduction, dumping social, crise mondiale, tiers-monde, capitalisme financier, politique sécuritaire, et jusqu'au désastre écologique, tout y est, en toutes lettres</subfield></datafield><datafield ind1="1" ind2="7" tag="600"><subfield code="a">Marx, Karl</subfield><subfield code="d">1818-1883</subfield><subfield code="0">(IDREF)027329305</subfield><subfield code="2">idref</subfield></datafield><datafield ind1=" " ind2="7" tag="650"><subfield code="a">Capital</subfield><subfield code="0">(IDREF)02780299X</subfield><subfield code="2">idref</subfield></datafield><datafield ind1=" " ind2="7" tag="650"><subfield code="a">1867-2017</subfield><subfield code="2">rero</subfield></datafield><datafield ind1=" " ind2="7" tag="650"><subfield code="a">Capitalisme</subfield><subfield code="0">(IDREF)027285332</subfield><subfield code="2">idref</subfield></datafield><datafield ind1=" " ind2=" " tag="900"><subfield code="a">REROnoselfmerge</subfield></datafield><datafield ind1=" " ind2=" " tag="910"><subfield code="a">BNF</subfield><subfield code="b">20180321</subfield><subfield code="c">Droits réservés</subfield></datafield></record>
</metadata></record>