<record><header><identifier>oai:alma.41SLSP_UGE:991000014679705502</identifier><datestamp>2024-03-15T01:23:42Z</datestamp><setSpec>uge_bcen_RapidILL_BOOK</setSpec><setSpec>uge_aaca_RapidILL_BOOK</setSpec><setSpec>uge_abels_RapidILL_BOOK</setSpec><setSpec>uge_dbu_RapidILL_BOOK</setSpec><setSpec>uge_cmu_RapidILL_BOOK</setSpec><setSpec>uge_mail_RapidILL_BOOK</setSpec><setSpec>uge_abbat_RapidILL_BOOK</setSpec><setSpec>UNIGE_ALL</setSpec><setSpec>uge_acar_RapidILL_BOOK</setSpec><setSpec>uge_aobs_RapidILL_BOOK</setSpec></header><metadata>
<record xmlns="http://www.loc.gov/MARC21/slim" xmlns:xsi="http://www.w3.org/2001/XMLSchema-instance" xsi:schemaLocation="http://www.loc.gov/MARC21/slim http://www.loc.gov/standards/marcxml/schema/MARC21slim.xsd"><leader>01343nam a2200301 ca4500</leader><controlfield tag="001">991000014679705502</controlfield><controlfield tag="005">20240314023533.0</controlfield><controlfield tag="008">961003m19121954fr ||||| |||| 00| ||fre d</controlfield><datafield ind1=" " ind2=" " tag="019"><subfield code="a">Übergeordnete Aufnahme = Niveau supérieur = Livello superiore</subfield><subfield code="5">SLSP/2020</subfield></datafield><datafield ind1=" " ind2=" " tag="035"><subfield code="a">(swissbib)078959349-41slsp_network</subfield></datafield><datafield ind1=" " ind2=" " tag="035"><subfield code="a">078959349</subfield><subfield code="9">ExL</subfield></datafield><datafield ind1=" " ind2=" " tag="035"><subfield code="a">(RERO)0429451-41slsp</subfield></datafield><datafield ind1=" " ind2=" " tag="035"><subfield code="a">(EXLNZ-41SLSP_NETWORK)991150223869705501</subfield></datafield><datafield ind1=" " ind2=" " tag="040"><subfield code="a">RERO</subfield><subfield code="d">CH-ZuSLS</subfield></datafield><datafield ind1=" " ind2="7" tag="072"><subfield code="a">fr</subfield><subfield code="2">rero</subfield></datafield><datafield ind1="1" ind2=" " tag="100"><subfield code="a">Balzac, Honoré de</subfield><subfield code="d">1799-1850</subfield><subfield code="0">(IDREF)02670305X</subfield><subfield code="4">cre</subfield></datafield><datafield ind1="1" ind2="0" tag="245"><subfield code="a">Oeuvres complètes</subfield><subfield code="c">de Honoré de Balzac ; texte revisé et annoté par Marcel Bouteron et Henri Longnon ; ill. de Charles Huard gravées sur bois par Pierre Gusman</subfield></datafield><datafield ind1=" " ind2="1" tag="264"><subfield code="a">Paris</subfield><subfield code="b">L. Conard</subfield><subfield code="c">1912-1954</subfield></datafield><datafield ind1=" " ind2="3" tag="264"><subfield code="a">Paris</subfield><subfield code="b">Imprimerie Nationale</subfield></datafield><datafield ind1=" " ind2=" " tag="300"><subfield code="a">40 vol.</subfield><subfield code="b">ill.</subfield><subfield code="c">22 cm</subfield></datafield><datafield ind1=" " ind2=" " tag="336"><subfield code="b">txt</subfield><subfield code="2">rdacontent</subfield></datafield><datafield ind1=" " ind2=" " tag="337"><subfield code="b">n</subfield><subfield code="2">rdamedia</subfield></datafield><datafield ind1=" " ind2=" " tag="338"><subfield code="b">nc</subfield><subfield code="2">rdacarrier</subfield></datafield><datafield ind1=" " ind2=" " tag="500"><subfield code="a">Tirage de tête: 100 exemplaires numérotés sur papier ancien du Japon (50 contenant une suite des bois tirée sur papier de Chine, de 1 à 50; 50 de 51 à 100)</subfield></datafield><datafield ind1="1" ind2=" " tag="700"><subfield code="a">Bouteron, Marcel</subfield><subfield code="d">1877-1962</subfield><subfield code="0">(IDREF)032080700</subfield></datafield><datafield ind1="1" ind2=" " tag="700"><subfield code="a">Longnon, Henri</subfield><subfield code="d">1882-1964</subfield><subfield code="0">(IDREF)026993813</subfield></datafield><datafield ind1="1" ind2=" " tag="700"><subfield code="a">Huard, Charles</subfield><subfield code="c">illustrateur</subfield><subfield code="d">1874-1965</subfield><subfield code="0">(IDREF)067720269</subfield></datafield><datafield ind1="1" ind2=" " tag="700"><subfield code="a">Gusman, Pierre</subfield><subfield code="d">1862-1941</subfield><subfield code="0">(IDREF)031017975</subfield></datafield><datafield ind1=" " ind2=" " tag="900"><subfield code="a">REROnoselfmerge</subfield></datafield></record>
</metadata></record>