<record><header><identifier>oai:alma.41SLSP_UGE:991000014599705502</identifier><datestamp>2023-03-01T01:08:53Z</datestamp><setSpec>uge_bcen_RapidILL_BOOK</setSpec><setSpec>uge_aaca_RapidILL_BOOK</setSpec><setSpec>uge_abels_RapidILL_BOOK</setSpec><setSpec>uge_dbu_RapidILL_BOOK</setSpec><setSpec>uge_cmu_RapidILL_BOOK</setSpec><setSpec>uge_mail_RapidILL_BOOK</setSpec><setSpec>UNIGE_ALL</setSpec><setSpec>uge_abbat_RapidILL_BOOK</setSpec><setSpec>uge_aobs_RapidILL_BOOK</setSpec><setSpec>uge_acar_RapidILL_BOOK</setSpec></header><metadata>
<record xmlns="http://www.loc.gov/MARC21/slim" xmlns:xsi="http://www.w3.org/2001/XMLSchema-instance" xsi:schemaLocation="http://www.loc.gov/MARC21/slim http://www.loc.gov/standards/marcxml/schema/MARC21slim.xsd"><leader>01046naa a2200277 c 4500</leader><controlfield tag="001">991000014599705502</controlfield><controlfield tag="005">20210206210648.0</controlfield><controlfield tag="008">930210s1992    sz ||||| |||| 00| ||fre d</controlfield><datafield ind1=" " ind2=" " tag="035"><subfield code="a">(swissbib)08730788X-41slsp_network</subfield></datafield><datafield ind1=" " ind2=" " tag="035"><subfield code="a">08730788X</subfield><subfield code="9">ExL</subfield></datafield><datafield ind1=" " ind2=" " tag="035"><subfield code="a">(RERO)1641173-41slsp</subfield></datafield><datafield ind1=" " ind2=" " tag="035"><subfield code="a">(EXLNZ-41SLSP_NETWORK)991020028639705501</subfield></datafield><datafield ind1=" " ind2=" " tag="040"><subfield code="a">RERO gevbaa</subfield><subfield code="d">CH-ZuSLS</subfield></datafield><datafield ind1=" " ind2=" " tag="044"><subfield code="a">sz</subfield><subfield code="c">ch-ge</subfield></datafield><datafield ind1=" " ind2="7" tag="072"><subfield code="a">at</subfield><subfield code="2">rero</subfield></datafield><datafield ind1="1" ind2=" " tag="100"><subfield code="a">Moruzzi, Fulvio</subfield><subfield code="0">(RERO)A003611903</subfield><subfield code="4">cre</subfield></datafield><datafield ind1="1" ind2="0" tag="245"><subfield code="a">William Lescaze au Musée Rath</subfield><subfield code="c">Fulvio Moruzzi</subfield></datafield><datafield ind1=" " ind2=" " tag="336"><subfield code="b">txt</subfield><subfield code="2">rdacontent</subfield></datafield><datafield ind1=" " ind2=" " tag="337"><subfield code="b">n</subfield><subfield code="2">rdamedia</subfield></datafield><datafield ind1=" " ind2=" " tag="338"><subfield code="b">nc</subfield><subfield code="2">rdacarrier</subfield></datafield><datafield ind1=" " ind2=" " tag="500"><subfield code="a">Publ. à l'occasion de l'exposition &quot;William Lescaze : architecte : Genève-New York, 1896-1969&quot;, Genève, Musée Rath, du 8 décembre 1992 au 24 janvier 1993</subfield></datafield><datafield ind1=" " ind2=" " tag="500"><subfield code="a">Ill</subfield></datafield><datafield ind1=" " ind2=" " tag="500"><subfield code="a">Exposition. Genève. Musée Rath. 1992-1993</subfield></datafield><datafield ind1=" " ind2=" " tag="580"><subfield code="a">In: Faces. - Genève. - N⁰ 26(1992), p. 61-63</subfield></datafield><datafield ind1="1" ind2="7" tag="600"><subfield code="a">Lescaze, William</subfield><subfield code="d">1896-1969</subfield><subfield code="0">(IDREF)146766970</subfield><subfield code="2">idref</subfield></datafield><datafield ind1="0" ind2=" " tag="773"><subfield code="t">Faces : journal d'architecture</subfield><subfield code="g">26/61</subfield><subfield code="w">(RERO)0682325-41slsp</subfield></datafield><datafield ind1=" " ind2=" " tag="900"><subfield code="a">REROnoselfmerge</subfield></datafield></record>
</metadata></record>