<record><header><identifier>oai:alma.41SLSP_UGE:991000014489705502</identifier><datestamp>2023-06-30T00:20:58Z</datestamp><setSpec>uge_bcen_RapidILL_BOOK</setSpec><setSpec>uge_aaca_RapidILL_BOOK</setSpec><setSpec>uge_abels_RapidILL_BOOK</setSpec><setSpec>uge_dbu_RapidILL_BOOK</setSpec><setSpec>uge_cmu_RapidILL_BOOK</setSpec><setSpec>uge_mail_RapidILL_BOOK</setSpec><setSpec>uge_abbat_RapidILL_BOOK</setSpec><setSpec>UNIGE_ALL</setSpec><setSpec>uge_acar_RapidILL_BOOK</setSpec><setSpec>uge_aobs_RapidILL_BOOK</setSpec></header><metadata>
<record xmlns="http://www.loc.gov/MARC21/slim" xmlns:xsi="http://www.w3.org/2001/XMLSchema-instance" xsi:schemaLocation="http://www.loc.gov/MARC21/slim http://www.loc.gov/standards/marcxml/schema/MARC21slim.xsd"><leader>02617naa a2200505 c 4500</leader><controlfield tag="001">991000014489705502</controlfield><controlfield tag="005">20230629184304.0</controlfield><controlfield tag="008">070426s2007    sz ||||| |||| 00| ||ger d</controlfield><datafield ind1=" " ind2=" " tag="035"><subfield code="a">(swissbib)105137650-41slsp_network</subfield></datafield><datafield ind1=" " ind2=" " tag="035"><subfield code="a">105137650</subfield><subfield code="9">ExL</subfield></datafield><datafield ind1=" " ind2=" " tag="035"><subfield code="a">(RERO)R004392277-41slsp</subfield></datafield><datafield ind1=" " ind2=" " tag="035"><subfield code="a">(EXLNZ-41SLSP_NETWORK)991054458979705501</subfield></datafield><datafield ind1=" " ind2=" " tag="040"><subfield code="a">RERO neubfd</subfield><subfield code="d">CH-ZuSLS</subfield></datafield><datafield ind1=" " ind2=" " tag="044"><subfield code="a">sz</subfield><subfield code="c">ch-zh</subfield></datafield><datafield ind1=" " ind2="7" tag="072"><subfield code="a">dr</subfield><subfield code="2">rero</subfield></datafield><datafield ind1=" " ind2=" " tag="084"><subfield code="a">CA/CH 37 i</subfield><subfield code="2">cjurrom</subfield></datafield><datafield ind1=" " ind2=" " tag="084"><subfield code="a">CA/CH 83 i</subfield><subfield code="2">cjurrom</subfield></datafield><datafield ind1="1" ind2=" " tag="100"><subfield code="a">Waldmann, Bernhard</subfield><subfield code="d">1968-....</subfield><subfield code="0">(IDREF)257668667</subfield><subfield code="4">aut</subfield></datafield><datafield ind1="1" ind2="0" tag="245"><subfield code="a">Nationalitätsbedingte Erhöhung der Autoversicherungsprämien</subfield><subfield code="b">Kurzbegutachtung eines Einzelfalls von grundlegender Tragweite</subfield><subfield code="c">Bernhard Waldmann</subfield></datafield><datafield ind1=" " ind2=" " tag="336"><subfield code="b">txt</subfield><subfield code="2">rdacontent</subfield></datafield><datafield ind1=" " ind2=" " tag="337"><subfield code="b">n</subfield><subfield code="2">rdamedia</subfield></datafield><datafield ind1=" " ind2=" " tag="338"><subfield code="b">nc</subfield><subfield code="2">rdacarrier</subfield></datafield><datafield ind1=" " ind2=" " tag="580"><subfield code="a">In: HAVE. - Zürich. - Jg. 6(2007), S. 65-79</subfield></datafield><datafield ind1=" " ind2="7" tag="650"><subfield code="a">Motorfahrzeug</subfield><subfield code="9">ger</subfield><subfield code="0">(RERO)jurivoc000015364ger</subfield><subfield code="2">jurivoc</subfield></datafield><datafield ind1=" " ind2="7" tag="650"><subfield code="a">Automobil</subfield><subfield code="9">ger</subfield><subfield code="0">(RERO)jurivoc000002575ger</subfield><subfield code="2">jurivoc</subfield></datafield><datafield ind1=" " ind2="7" tag="650"><subfield code="a">Motorfahrzeug-Haftpflichtversicherung</subfield><subfield code="9">ger</subfield><subfield code="0">(RERO)jurivoc000015365ger</subfield><subfield code="2">jurivoc</subfield></datafield><datafield ind1=" " ind2="7" tag="650"><subfield code="a">Beitragsfestsetzung</subfield><subfield code="9">ger</subfield><subfield code="0">(RERO)jurivoc000003114ger</subfield><subfield code="2">jurivoc</subfield></datafield><datafield ind1=" " ind2="7" tag="650"><subfield code="a">Versicherungsprämie</subfield><subfield code="9">ger</subfield><subfield code="0">(RERO)jurivoc000025118ger</subfield><subfield code="2">jurivoc</subfield></datafield><datafield ind1=" " ind2="7" tag="650"><subfield code="a">Ausländer</subfield><subfield code="9">ger</subfield><subfield code="0">(RERO)jurivoc000002245ger</subfield><subfield code="2">jurivoc</subfield></datafield><datafield ind1=" " ind2="7" tag="650"><subfield code="a">Staatsangehörigkeit</subfield><subfield code="9">ger</subfield><subfield code="0">(RERO)jurivoc000021145ger</subfield><subfield code="2">jurivoc</subfield></datafield><datafield ind1=" " ind2="7" tag="650"><subfield code="a">Änderung(allgemein)</subfield><subfield code="9">ger</subfield><subfield code="0">(RERO)jurivoc000001084ger</subfield><subfield code="2">jurivoc</subfield></datafield><datafield ind1=" " ind2="7" tag="650"><subfield code="a">Erhöhung(allgemein)</subfield><subfield code="9">ger</subfield><subfield code="0">(RERO)jurivoc000007240ger</subfield><subfield code="2">jurivoc</subfield></datafield><datafield ind1=" " ind2="7" tag="650"><subfield code="a">versichertes Risiko</subfield><subfield code="9">ger</subfield><subfield code="0">(RERO)jurivoc000025066ger</subfield><subfield code="2">jurivoc</subfield></datafield><datafield ind1=" " ind2="7" tag="650"><subfield code="a">Grundrecht</subfield><subfield code="9">ger</subfield><subfield code="0">(RERO)jurivoc000010415ger</subfield><subfield code="2">jurivoc</subfield></datafield><datafield ind1=" " ind2="7" tag="650"><subfield code="a">Vertragsfreiheit</subfield><subfield code="9">ger</subfield><subfield code="0">(RERO)jurivoc000025254ger</subfield><subfield code="2">jurivoc</subfield></datafield><datafield ind1=" " ind2="7" tag="650"><subfield code="a">rechtsgleiche Behandlung</subfield><subfield code="9">ger</subfield><subfield code="0">(RERO)jurivoc000018357ger</subfield><subfield code="2">jurivoc</subfield></datafield><datafield ind1=" " ind2="7" tag="650"><subfield code="a">EMRK</subfield><subfield code="9">ger</subfield><subfield code="0">(RERO)jurivoc000006844ger</subfield><subfield code="2">jurivoc</subfield></datafield><datafield ind1=" " ind2="7" tag="650"><subfield code="a">UNO-Pakt II</subfield><subfield code="9">ger</subfield><subfield code="0">(RERO)jurivoc000023735ger</subfield><subfield code="2">jurivoc</subfield></datafield><datafield ind1=" " ind2="7" tag="650"><subfield code="a">Übereinkommen zur Beseitigung Jeder Form von Rassendiskriminierung</subfield><subfield code="9">ger</subfield><subfield code="0">(RERO)jurivoc000023056ger</subfield><subfield code="2">jurivoc</subfield></datafield><datafield ind1=" " ind2="7" tag="650"><subfield code="a">Grundrechtseingriff</subfield><subfield code="9">ger</subfield><subfield code="0">(RERO)jurivoc000010420ger</subfield><subfield code="2">jurivoc</subfield></datafield><datafield ind1=" " ind2="7" tag="650"><subfield code="a">Verfassungsrecht</subfield><subfield code="9">ger</subfield><subfield code="0">(RERO)jurivoc000024431ger</subfield><subfield code="2">jurivoc</subfield></datafield><datafield ind1=" " ind2="7" tag="650"><subfield code="a">self-executing</subfield><subfield code="9">ger</subfield><subfield code="0">(RERO)jurivoc000020143ger</subfield><subfield code="2">jurivoc</subfield></datafield><datafield ind1=" " ind2="7" tag="650"><subfield code="a">verfassungskonforme Auslegung</subfield><subfield code="9">ger</subfield><subfield code="0">(RERO)jurivoc000024418ger</subfield><subfield code="2">jurivoc</subfield></datafield><datafield ind1=" " ind2="7" tag="650"><subfield code="a">Drittwirkung der Grundrechte</subfield><subfield code="9">ger</subfield><subfield code="0">(RERO)jurivoc000005890ger</subfield><subfield code="2">jurivoc</subfield></datafield><datafield ind1=" " ind2="7" tag="651"><subfield code="a">Schweiz</subfield><subfield code="9">ger</subfield><subfield code="0">(RERO)jurivoc000019912ger</subfield><subfield code="2">jurivoc</subfield></datafield><datafield ind1="0" ind2=" " tag="773"><subfield code="t">HAVE : Haftung und Versicherung</subfield><subfield code="g">2007/65</subfield><subfield code="g">yr:2007</subfield><subfield code="w">(RERO)R003129026-41slsp</subfield></datafield></record>
</metadata></record>