<record><header><identifier>oai:alma.41SLSP_UGE:991000014589705502</identifier><datestamp>2024-01-05T01:17:23Z</datestamp><setSpec>uge_bcen_RapidILL_BOOK</setSpec><setSpec>uge_aaca_RapidILL_BOOK</setSpec><setSpec>uge_abels_RapidILL_BOOK</setSpec><setSpec>uge_dbu_RapidILL_BOOK</setSpec><setSpec>uge_cmu_RapidILL_BOOK</setSpec><setSpec>uge_mail_RapidILL_BOOK</setSpec><setSpec>uge_abbat_RapidILL_BOOK</setSpec><setSpec>UNIGE_ALL</setSpec><setSpec>uge_acar_RapidILL_BOOK</setSpec><setSpec>uge_aobs_RapidILL_BOOK</setSpec></header><metadata>
<record xmlns="http://www.loc.gov/MARC21/slim" xmlns:xsi="http://www.w3.org/2001/XMLSchema-instance" xsi:schemaLocation="http://www.loc.gov/MARC21/slim http://www.loc.gov/standards/marcxml/schema/MARC21slim.xsd"><leader>00961nam a2200253 c 4500</leader><controlfield tag="001">991000014589705502</controlfield><controlfield tag="005">20201227135542.0</controlfield><controlfield tag="008">010121s1996    sz ||||| |||| 00| ||eng d</controlfield><datafield ind1=" " ind2=" " tag="035"><subfield code="a">(swissbib)093581017-41slsp_network</subfield></datafield><datafield ind1=" " ind2=" " tag="035"><subfield code="a">093581017</subfield><subfield code="9">ExL</subfield></datafield><datafield ind1=" " ind2=" " tag="035"><subfield code="a">(RERO)R235402460-41slsp</subfield></datafield><datafield ind1=" " ind2=" " tag="035"><subfield code="a">(EXLNZ-41SLSP_NETWORK)991012053319705501</subfield></datafield><datafield ind1=" " ind2=" " tag="040"><subfield code="a">RERO geuceh</subfield><subfield code="d">CH-ZuSLS</subfield></datafield><datafield ind1=" " ind2=" " tag="044"><subfield code="a">sz</subfield><subfield code="c">ch-be</subfield></datafield><datafield ind1=" " ind2="7" tag="072"><subfield code="a">ch</subfield><subfield code="2">rero</subfield></datafield><datafield ind1="0" ind2="0" tag="245"><subfield code="a">Swiss greenhouse gas inventory 1990-1994</subfield><subfield code="c">Swiss Confederation ; contact person Andreas Liechti</subfield></datafield><datafield ind1=" " ind2="1" tag="264"><subfield code="a">Berne</subfield><subfield code="b">Federal Office of Environment Forests and Landscape (FOEFL)</subfield><subfield code="c">1996</subfield></datafield><datafield ind1=" " ind2=" " tag="300"><subfield code="a">VII, 159 p.</subfield><subfield code="b">ill.</subfield><subfield code="c">30 cm</subfield></datafield><datafield ind1=" " ind2=" " tag="336"><subfield code="b">txt</subfield><subfield code="2">rdacontent</subfield></datafield><datafield ind1=" " ind2=" " tag="337"><subfield code="b">n</subfield><subfield code="2">rdamedia</subfield></datafield><datafield ind1=" " ind2=" " tag="338"><subfield code="b">nc</subfield><subfield code="2">rdacarrier</subfield></datafield><datafield ind1=" " ind2=" " tag="500"><subfield code="a">En tête de la p. de titre UN Framework Convention on Climate Change</subfield></datafield><datafield ind1="1" ind2=" " tag="700"><subfield code="a">Liechti, Andreas Kevin</subfield><subfield code="0">(RERO)A003520582</subfield></datafield><datafield ind1="2" ind2=" " tag="710"><subfield code="a">Suisse</subfield><subfield code="b">Office fédéral de l'environnement, des forêts et du paysage</subfield><subfield code="g">1989-2005</subfield><subfield code="0">(IDREF)057941386</subfield></datafield><datafield ind1=" " ind2=" " tag="900"><subfield code="a">REROnoselfmerge</subfield></datafield></record>
</metadata></record>