<record><header><identifier>oai:alma.41SLSP_UGE:991000015339705502</identifier><datestamp>2023-07-01T00:19:22Z</datestamp><setSpec>uge_bcen_RapidILL_BOOK</setSpec><setSpec>uge_aaca_RapidILL_BOOK</setSpec><setSpec>uge_abels_RapidILL_BOOK</setSpec><setSpec>uge_dbu_RapidILL_BOOK</setSpec><setSpec>uge_cmu_RapidILL_BOOK</setSpec><setSpec>uge_mail_RapidILL_BOOK</setSpec><setSpec>uge_abbat_RapidILL_BOOK</setSpec><setSpec>UNIGE_ALL</setSpec><setSpec>uge_aobs_RapidILL_BOOK</setSpec><setSpec>uge_acar_RapidILL_BOOK</setSpec></header><metadata>
<record xmlns="http://www.loc.gov/MARC21/slim" xmlns:xsi="http://www.w3.org/2001/XMLSchema-instance" xsi:schemaLocation="http://www.loc.gov/MARC21/slim http://www.loc.gov/standards/marcxml/schema/MARC21slim.xsd"><leader>04571nam a2200937 c 4500</leader><controlfield tag="001">991000015339705502</controlfield><controlfield tag="005">20230630214510.0</controlfield><controlfield tag="008">201011s2004    gw ||||| |||| 00| ||ger d</controlfield><datafield ind1=" " ind2=" " tag="015"><subfield code="a">GFR-DNB-04,N23,0606</subfield></datafield><datafield ind1="7" ind2=" " tag="016"><subfield code="a">971076251</subfield><subfield code="2">GyFmDB</subfield></datafield><datafield ind1=" " ind2=" " tag="020"><subfield code="a">3631523793</subfield><subfield code="q">kart.</subfield><subfield code="c">EUR 51.50</subfield></datafield><datafield ind1=" " ind2=" " tag="035"><subfield code="a">(swissbib)213855038-41slsp_network</subfield></datafield><datafield ind1=" " ind2=" " tag="035"><subfield code="a">213855038</subfield><subfield code="9">ExL</subfield></datafield><datafield ind1=" " ind2=" " tag="035"><subfield code="a">(RERO)R003691152-41slsp</subfield></datafield><datafield ind1=" " ind2=" " tag="035"><subfield code="a">(IDSBB)003287703DSV01</subfield></datafield><datafield ind1=" " ind2=" " tag="035"><subfield code="a">(IDSLU)000395441ILU01</subfield></datafield><datafield ind1=" " ind2=" " tag="035"><subfield code="a">(NEBIS)004828779EBI01</subfield></datafield><datafield ind1=" " ind2=" " tag="035"><subfield code="a">(DDB)971076251</subfield></datafield><datafield ind1=" " ind2=" " tag="035"><subfield code="a">(EXLNZ-41SLSP_NETWORK)991142354809705501</subfield></datafield><datafield ind1=" " ind2=" " tag="040"><subfield code="a">RERO frbcuc</subfield><subfield code="d">CH-ZuSLS</subfield></datafield><datafield ind1="0" ind2=" " tag="041"><subfield code="a">ger</subfield></datafield><datafield ind1=" " ind2=" " tag="044"><subfield code="a">sz</subfield><subfield code="c">ch-be</subfield></datafield><datafield ind1=" " ind2="7" tag="072"><subfield code="a">dr</subfield><subfield code="2">rero</subfield></datafield><datafield ind1=" " ind2="7" tag="072"><subfield code="a">rw</subfield><subfield code="2">SzZuIDS BS/BE</subfield></datafield><datafield ind1=" " ind2="7" tag="072"><subfield code="a">810</subfield><subfield code="2">IDS LU</subfield></datafield><datafield ind1="1" ind2="4" tag="082"><subfield code="a">340</subfield><subfield code="2">15</subfield></datafield><datafield ind1=" " ind2=" " tag="084"><subfield code="a">CA/CE 84 h</subfield><subfield code="2">cjurrom</subfield></datafield><datafield ind1=" " ind2=" " tag="084"><subfield code="a">CA/CE 31.11 h</subfield><subfield code="2">cjurrom</subfield></datafield><datafield ind1=" " ind2=" " tag="084"><subfield code="a">CA/CE 30.3 h</subfield><subfield code="2">cjurrom</subfield></datafield><datafield ind1=" " ind2=" " tag="084"><subfield code="a">PS 3840</subfield><subfield code="2">rvk</subfield></datafield><datafield ind1="1" ind2=" " tag="100"><subfield code="a">Faulenbach, Cordelia</subfield><subfield code="0">(RERO)A010986256</subfield><subfield code="4">cre</subfield></datafield><datafield ind1="1" ind2="0" tag="245"><subfield code="a">&lt;&lt;Der&gt;&gt; gemeinschaftsrechtliche Vorbehalt im europäischen Wettbewerbsrecht</subfield><subfield code="b">die Herkunftslandanknüpfung der E-Commerce-Richtlinie unter dem Einfluss der Grundfreiheiten</subfield><subfield code="c">Cordelia Faulenbach</subfield></datafield><datafield ind1=" " ind2="1" tag="264"><subfield code="a">Frankfurt am Main</subfield><subfield code="a">Bern [etc.]</subfield><subfield code="b">P. Lang</subfield><subfield code="c">[2004]</subfield></datafield><datafield ind1=" " ind2="4" tag="264"><subfield code="c">© 2004</subfield></datafield><datafield ind1=" " ind2=" " tag="300"><subfield code="a">XXII, 293 S.</subfield><subfield code="c">21 cm</subfield></datafield><datafield ind1=" " ind2=" " tag="336"><subfield code="b">txt</subfield><subfield code="2">rdacontent</subfield></datafield><datafield ind1=" " ind2=" " tag="337"><subfield code="b">n</subfield><subfield code="2">rdamedia</subfield></datafield><datafield ind1=" " ind2=" " tag="338"><subfield code="b">nc</subfield><subfield code="2">rdacarrier</subfield></datafield><datafield ind1="1" ind2=" " tag="490"><subfield code="a">Studien zum vergleichenden und internationalen Recht</subfield><subfield code="v">Bd. 96</subfield></datafield><datafield ind1=" " ind2=" " tag="500"><subfield code="a">Originaltitel: Der gemeinschaftsrechtliche Vorbehalt zugunsten des Herkunftslandes im europäischen Wettbewerbsrecht (Titel der Diss.)</subfield></datafield><datafield ind1=" " ind2=" " tag="502"><subfield code="a">Zugl.: Trier, Univ., Diss., 2003/2004</subfield></datafield><datafield ind1="2" ind2="7" tag="610"><subfield code="a">Union européenne</subfield><subfield code="0">(IDREF)032486324</subfield><subfield code="2">idref</subfield></datafield><datafield ind1="2" ind2="7" tag="610"><subfield code="a">Europäische Union</subfield><subfield code="t">Richtlinie über den elektronischen Geschäftsverkehr</subfield><subfield code="0">(DE-588)4687778-2</subfield><subfield code="2">gnd</subfield></datafield><datafield ind1="1" ind2="7" tag="610"><subfield code="a">Europäische Union</subfield><subfield code="t">Richtlinie über den elektronischen Geschäftsverkehr</subfield><subfield code="0">(DE-588)4687778-2</subfield><subfield code="2">gnd</subfield></datafield><datafield ind1="2" ind2="7" tag="610"><subfield code="a">Europäische Union</subfield><subfield code="2">idszbz</subfield></datafield><datafield ind1=" " ind2="7" tag="650"><subfield code="a">Wettbewerb(Konkurrenz)</subfield><subfield code="9">ger</subfield><subfield code="0">(RERO)jurivoc000026442ger</subfield><subfield code="2">jurivoc</subfield></datafield><datafield ind1=" " ind2="7" tag="650"><subfield code="a">unlauterer Wettbewerb</subfield><subfield code="9">ger</subfield><subfield code="0">(RERO)jurivoc000023701ger</subfield><subfield code="2">jurivoc</subfield></datafield><datafield ind1=" " ind2="7" tag="650"><subfield code="a">internationales Privatrecht</subfield><subfield code="9">ger</subfield><subfield code="0">(RERO)jurivoc000011981ger</subfield><subfield code="2">jurivoc</subfield></datafield><datafield ind1=" " ind2="7" tag="650"><subfield code="a">Anknüpfung</subfield><subfield code="9">ger</subfield><subfield code="0">(RERO)jurivoc000001228ger</subfield><subfield code="2">jurivoc</subfield></datafield><datafield ind1=" " ind2="7" tag="650"><subfield code="a">Internet</subfield><subfield code="9">ger</subfield><subfield code="0">(RERO)jurivoc000012007ger</subfield><subfield code="2">jurivoc</subfield></datafield><datafield ind1=" " ind2="7" tag="650"><subfield code="a">e-Commerce</subfield><subfield code="9">ger</subfield><subfield code="0">(RERO)jurivoc000006016ger</subfield><subfield code="2">jurivoc</subfield></datafield><datafield ind1=" " ind2="7" tag="650"><subfield code="a">Werbung</subfield><subfield code="9">ger</subfield><subfield code="0">(RERO)jurivoc000026360ger</subfield><subfield code="2">jurivoc</subfield></datafield><datafield ind1=" " ind2="7" tag="650"><subfield code="a">Gemeinschaftsrecht</subfield><subfield code="9">ger</subfield><subfield code="0">(RERO)jurivoc000009467ger</subfield><subfield code="2">jurivoc</subfield></datafield><datafield ind1=" " ind2="7" tag="650"><subfield code="a">Richtlinie 2000/31/EG</subfield><subfield code="9">ger</subfield><subfield code="0">(RERO)jurivoc000050372ger</subfield><subfield code="2">jurivoc</subfield></datafield><datafield ind1=" " ind2="7" tag="650"><subfield code="a">Commerce électronique</subfield><subfield code="0">(IDREF)034578390</subfield><subfield code="2">idref</subfield></datafield><datafield ind1=" " ind2="7" tag="650"><subfield code="a">Concurrence déloyale</subfield><subfield code="0">(IDREF)027849007</subfield><subfield code="2">idref</subfield></datafield><datafield ind1=" " ind2="7" tag="650"><subfield code="a">Droit international privé</subfield><subfield code="0">(IDREF)02747433X</subfield><subfield code="2">idref</subfield></datafield><datafield ind1=" " ind2="7" tag="650"><subfield code="a">droits fondamentaux - influence exercée</subfield><subfield code="0">(RERO)A010075926</subfield><subfield code="2">rerovoc</subfield></datafield><datafield ind1=" " ind2="7" tag="650"><subfield code="a">rattachement (droit)</subfield><subfield code="0">(RERO)A010138589</subfield><subfield code="2">rerovoc</subfield></datafield><datafield ind1=" " ind2="7" tag="650"><subfield code="a">Droit européen</subfield><subfield code="0">(IDREF)027467171</subfield><subfield code="2">idref</subfield></datafield><datafield ind1=" " ind2="7" tag="650"><subfield code="a">Elektronischer Markt</subfield><subfield code="x">Unlauterer Wettbewerb</subfield><subfield code="x">Europäische Union</subfield><subfield code="2">idsbb</subfield></datafield><datafield ind1=" " ind2="7" tag="650"><subfield code="a">Unlauterer Wettbewerb</subfield><subfield code="x">Elektronischer Markt</subfield><subfield code="x">Europäische Union</subfield><subfield code="2">idsbb</subfield></datafield><datafield ind1=" " ind2="7" tag="650"><subfield code="a">Internationales Privatrecht</subfield><subfield code="x">Unlauterer Wettbewerb</subfield><subfield code="x">Europäische Union</subfield><subfield code="2">idsbb</subfield></datafield><datafield ind1=" " ind2="7" tag="650"><subfield code="a">Unlauterer Wettbewerb</subfield><subfield code="x">Internationales Privatrecht</subfield><subfield code="x">Europäische Union</subfield><subfield code="2">idsbb</subfield></datafield><datafield ind1=" " ind2="7" tag="650"><subfield code="a">Unlautere Werbung</subfield><subfield code="0">(DE-588)4203709-8</subfield><subfield code="2">gnd</subfield></datafield><datafield ind1=" " ind2="7" tag="650"><subfield code="a">Internationales Privatrecht</subfield><subfield code="0">(DE-588)4027446-9</subfield><subfield code="2">gnd</subfield></datafield><datafield ind1=" " ind2="7" tag="650"><subfield code="a">Herkunftslandprinzip</subfield><subfield code="0">(DE-588)7559176-5</subfield><subfield code="2">gnd</subfield></datafield><datafield ind1=" " ind2="7" tag="650"><subfield code="a">Unlauterer Wettbewerb</subfield><subfield code="0">(DE-588)4061842-0</subfield><subfield code="2">gnd</subfield></datafield><datafield ind1=" " ind2="7" tag="650"><subfield code="a">Herkunftsland</subfield><subfield code="0">(DE-588)4159599-3</subfield><subfield code="2">gnd</subfield></datafield><datafield ind1=" " ind2="7" tag="650"><subfield code="a">Kollisionsrecht</subfield><subfield code="0">(DE-588)4031772-9</subfield><subfield code="2">gnd</subfield></datafield><datafield ind1=" " ind2="7" tag="650"><subfield code="a">Internationales Wettbewerbsrecht</subfield><subfield code="0">(DE-588)4129156-6</subfield><subfield code="2">gnd</subfield></datafield><datafield ind1=" " ind2="7" tag="650"><subfield code="a">Electronic Commerce</subfield><subfield code="2">idszbz</subfield></datafield><datafield ind1=" " ind2="7" tag="650"><subfield code="a">Internationales Privatrecht</subfield><subfield code="2">idszbz</subfield></datafield><datafield ind1=" " ind2="7" tag="650"><subfield code="a">Internationales Wettbewerbsrecht</subfield><subfield code="2">idszbz</subfield></datafield><datafield ind1=" " ind2="7" tag="651"><subfield code="a">Deutschland</subfield><subfield code="9">ger</subfield><subfield code="0">(RERO)jurivoc000005510ger</subfield><subfield code="2">jurivoc</subfield></datafield><datafield ind1=" " ind2="7" tag="651"><subfield code="a">Deutschland</subfield><subfield code="0">(DE-588)4011882-4</subfield><subfield code="2">gnd</subfield></datafield><datafield ind1=" " ind2="7" tag="651"><subfield code="a">Europäische Union</subfield><subfield code="x">Richtlinie über den elektronischen Geschäftsverkehr</subfield><subfield code="x">Herkunftsland</subfield><subfield code="x">Kollisionsrecht</subfield><subfield code="x">Internationales Wettbewerbsrecht</subfield><subfield code="2">swd</subfield></datafield><datafield ind1=" " ind2="7" tag="655"><subfield code="a">Hochschulschrift</subfield><subfield code="2">gnd-content</subfield></datafield><datafield ind1=" " ind2=" " tag="691"><subfield code="e">PF 78.1</subfield><subfield code="2">rzs-L1</subfield></datafield><datafield ind1=" " ind2=" " tag="691"><subfield code="e">PF 31.11</subfield><subfield code="2">rzs-L1</subfield></datafield><datafield ind1=" " ind2="0" tag="830"><subfield code="a">Studien zum vergleichenden und internationalen Recht</subfield><subfield code="v">96</subfield><subfield code="w">(IDSBB)000242191DSV01</subfield></datafield><datafield ind1=" " ind2=" " tag="900"><subfield code="a">IDSZ2rwimon200501f</subfield><subfield code="c">IDSZ2rosi 050110</subfield><subfield code="d">IDSZ2rwiswk200503b</subfield><subfield code="e">IDSZ2sust</subfield></datafield></record>
</metadata></record>