<record><header><identifier>oai:alma.41SLSP_UGE:991000014919705502</identifier><datestamp>2023-11-20T01:27:15Z</datestamp><setSpec>uge_bcen_RapidILL_BOOK</setSpec><setSpec>uge_aaca_RapidILL_BOOK</setSpec><setSpec>uge_abels_RapidILL_BOOK</setSpec><setSpec>uge_dbu_RapidILL_BOOK</setSpec><setSpec>uge_cmu_RapidILL_BOOK</setSpec><setSpec>uge_mail_RapidILL_BOOK</setSpec><setSpec>uge_abbat_RapidILL_BOOK</setSpec><setSpec>UNIGE_ALL</setSpec><setSpec>uge_aobs_RapidILL_BOOK</setSpec><setSpec>uge_acar_RapidILL_BOOK</setSpec></header><metadata>
<record xmlns="http://www.loc.gov/MARC21/slim" xmlns:xsi="http://www.w3.org/2001/XMLSchema-instance" xsi:schemaLocation="http://www.loc.gov/MARC21/slim http://www.loc.gov/standards/marcxml/schema/MARC21slim.xsd"><leader>02035nam a2200469 c 4500</leader><controlfield tag="001">991000014919705502</controlfield><controlfield tag="005">20210207115845.0</controlfield><controlfield tag="008">201011s1968    gw ||||| |||| 00| ||ger d</controlfield><datafield ind1=" " ind2=" " tag="035"><subfield code="a">(swissbib)220132828-41slsp_network</subfield></datafield><datafield ind1=" " ind2=" " tag="035"><subfield code="a">220132828</subfield><subfield code="9">ExL</subfield></datafield><datafield ind1=" " ind2=" " tag="035"><subfield code="a">(RERO)0765354-41slsp</subfield></datafield><datafield ind1=" " ind2=" " tag="035"><subfield code="a">(IDSBB)003058942DSV01</subfield></datafield><datafield ind1=" " ind2=" " tag="035"><subfield code="a">(NEBIS)003295889EBI01</subfield></datafield><datafield ind1=" " ind2=" " tag="035"><subfield code="a">(EXLNZ-41SLSP_NETWORK)991157447569705501</subfield></datafield><datafield ind1=" " ind2=" " tag="040"><subfield code="a">RERO geufpe</subfield><subfield code="d">CH-ZuSLS</subfield></datafield><datafield ind1=" " ind2="7" tag="072"><subfield code="a">pe</subfield><subfield code="2">rero</subfield></datafield><datafield ind1="1" ind2=" " tag="100"><subfield code="a">Holzkamp, Christine</subfield><subfield code="0">(RERO)A003381096</subfield><subfield code="4">cre</subfield></datafield><datafield ind1="1" ind2="0" tag="245"><subfield code="a">Leisten Realschüler mehr als Hauptschüler</subfield><subfield code="b">ein partieller Leistungsvergleich von Haupt- und Realschülern in 10. Klassen</subfield><subfield code="c">Christine Holzkamp, Elke Samtleben und Karlheinz Ingenkamp</subfield></datafield><datafield ind1=" " ind2="1" tag="264"><subfield code="a">Weinheim</subfield><subfield code="a">Berlin</subfield><subfield code="a">Basel</subfield><subfield code="b">J. Beltz</subfield><subfield code="c">1968</subfield></datafield><datafield ind1=" " ind2=" " tag="300"><subfield code="a">153 p.</subfield><subfield code="b">ill.</subfield><subfield code="c">21 cm</subfield></datafield><datafield ind1=" " ind2=" " tag="336"><subfield code="b">txt</subfield><subfield code="2">rdacontent</subfield></datafield><datafield ind1=" " ind2=" " tag="337"><subfield code="b">n</subfield><subfield code="2">rdamedia</subfield></datafield><datafield ind1=" " ind2=" " tag="338"><subfield code="b">nc</subfield><subfield code="2">rdacarrier</subfield></datafield><datafield ind1="1" ind2=" " tag="490"><subfield code="a">Veröffentlichungen / Pädagogisches Zentrum. Reihe E, Untersuchungen</subfield><subfield code="v">Bd 8</subfield></datafield><datafield ind1=" " ind2="4" tag="650"><subfield code="a">Hauptschüler</subfield></datafield><datafield ind1=" " ind2="4" tag="650"><subfield code="a">Realschüler</subfield></datafield><datafield ind1=" " ind2="4" tag="650"><subfield code="a">Schulleistung</subfield></datafield><datafield ind1=" " ind2="7" tag="650"><subfield code="a">Realschüler</subfield><subfield code="0">(DE-588)4127852-5</subfield><subfield code="2">gnd</subfield></datafield><datafield ind1=" " ind2="7" tag="650"><subfield code="a">Schulleistung</subfield><subfield code="0">(DE-588)4077201-9</subfield><subfield code="2">gnd</subfield></datafield><datafield ind1=" " ind2="7" tag="650"><subfield code="a">Hauptschüler</subfield><subfield code="0">(DE-588)4023680-8</subfield><subfield code="2">gnd</subfield></datafield><datafield ind1=" " ind2="7" tag="650"><subfield code="a">Lernerfolg</subfield><subfield code="0">(DE-588)4125753-4</subfield><subfield code="2">gnd</subfield></datafield><datafield ind1=" " ind2=" " tag="690"><subfield code="a">Berlin / Schule, Erziehung</subfield><subfield code="2">uzb-Z9</subfield></datafield><datafield ind1=" " ind2=" " tag="690"><subfield code="a">Hauptschule</subfield><subfield code="2">uzb-Z9</subfield></datafield><datafield ind1=" " ind2=" " tag="690"><subfield code="a">Realschule / Einzelne Gebiete und Orte / Deutschland</subfield><subfield code="2">uzb-Z9</subfield></datafield><datafield ind1=" " ind2=" " tag="690"><subfield code="a">Schulleistung / Einzelne Schulstufen</subfield><subfield code="2">uzb-Z9</subfield></datafield><datafield ind1="1" ind2=" " tag="700"><subfield code="a">Samtleben, Elke</subfield><subfield code="0">(RERO)A003783093</subfield></datafield><datafield ind1="1" ind2=" " tag="700"><subfield code="a">Ingenkamp, Karlheinz</subfield><subfield code="d">1925-2015</subfield><subfield code="0">(DE-588)11880913X</subfield><subfield code="6">880-03</subfield></datafield><datafield ind1="1" ind2=" " tag="880"><subfield code="6">700-03</subfield><subfield code="a">Ingenkamp, Karlheinz</subfield><subfield code="d">1925-....</subfield><subfield code="0">(IDREF)151545766</subfield></datafield><datafield ind1=" " ind2="0" tag="830"><subfield code="a">Veröffentlichungen</subfield><subfield code="p">Reihe E, Untersuchungen</subfield><subfield code="v">8</subfield><subfield code="w">(IDSBB)000270939DSV01</subfield></datafield><datafield ind1=" " ind2="0" tag="830"><subfield code="a">Veröffentlichungen</subfield><subfield code="p">Reihe E, Untersuchungen</subfield><subfield code="v">8</subfield><subfield code="w">(NEBIS)001756703EBI01</subfield></datafield><datafield ind1=" " ind2="0" tag="830"><subfield code="a">Veröffentlichungen / Pädagogisches Zentrum</subfield><subfield code="p">Reihe E, Untersuchungen</subfield><subfield code="v">8</subfield><subfield code="w">(RERO)0765338-41slsp</subfield></datafield><datafield ind1=" " ind2=" " tag="900"><subfield code="a">REROnoselfmerge</subfield></datafield><datafield ind1=" " ind2=" " tag="900"><subfield code="a">IDSZRMedeaZBZ</subfield></datafield></record>
</metadata></record>