<record><header><identifier>oai:alma.41SLSP_UGE:991000015329705502</identifier><datestamp>2023-03-01T01:08:53Z</datestamp><setSpec>uge_bcen_RapidILL_BOOK</setSpec><setSpec>uge_aaca_RapidILL_BOOK</setSpec><setSpec>uge_abels_RapidILL_BOOK</setSpec><setSpec>uge_dbu_RapidILL_BOOK</setSpec><setSpec>uge_cmu_RapidILL_BOOK</setSpec><setSpec>uge_mail_RapidILL_BOOK</setSpec><setSpec>UNIGE_ALL</setSpec><setSpec>uge_abbat_RapidILL_BOOK</setSpec><setSpec>uge_aobs_RapidILL_BOOK</setSpec><setSpec>uge_acar_RapidILL_BOOK</setSpec></header><metadata>
<record xmlns="http://www.loc.gov/MARC21/slim" xmlns:xsi="http://www.w3.org/2001/XMLSchema-instance" xsi:schemaLocation="http://www.loc.gov/MARC21/slim http://www.loc.gov/standards/marcxml/schema/MARC21slim.xsd"><leader>01905nam a2200385 c 4500</leader><controlfield tag="001">991000015329705502</controlfield><controlfield tag="005">20210206203426.0</controlfield><controlfield tag="008">130620s1977    ja ||||| |||| 00| ||jpn d</controlfield><datafield ind1=" " ind2=" " tag="035"><subfield code="a">(swissbib)117558702-41slsp_network</subfield></datafield><datafield ind1=" " ind2=" " tag="035"><subfield code="a">117558702</subfield><subfield code="9">ExL</subfield></datafield><datafield ind1=" " ind2=" " tag="035"><subfield code="a">(RERO)R007327164-41slsp</subfield></datafield><datafield ind1=" " ind2=" " tag="035"><subfield code="a">(EXLNZ-41SLSP_NETWORK)991077999489705501</subfield></datafield><datafield ind1=" " ind2=" " tag="040"><subfield code="a">RERO geullo</subfield><subfield code="d">CH-ZuSLS</subfield></datafield><datafield ind1=" " ind2="7" tag="072"><subfield code="a">or</subfield><subfield code="2">rero</subfield></datafield><datafield ind1="1" ind2=" " tag="100"><subfield code="6">880-01</subfield><subfield code="a">Matsuo, Bashō</subfield><subfield code="d">1644-1694</subfield><subfield code="0">(IDREF)026708337</subfield><subfield code="4">cre</subfield></datafield><datafield ind1="1" ind2=" " tag="880"><subfield code="6">100-01/$1</subfield><subfield code="a">松尾芭蕉</subfield><subfield code="d">1644-1694</subfield></datafield><datafield ind1="1" ind2="0" tag="245"><subfield code="6">880-02</subfield><subfield code="a">Bashō bunshū</subfield><subfield code="c">[Matsuo Bashō cho] ; Sugiura Shōichirō kōchū</subfield></datafield><datafield ind1="1" ind2="0" tag="880"><subfield code="6">245-02/$1</subfield><subfield code="a">芭蕉句集</subfield><subfield code="c">[松尾芭蕉著] ; 大谷篤藏, 中村俊定 校注</subfield></datafield><datafield ind1=" " ind2="1" tag="264"><subfield code="6">880-03</subfield><subfield code="a">Tōkyō</subfield><subfield code="b">Iwanami Shoten</subfield><subfield code="c">1977</subfield></datafield><datafield ind1=" " ind2="1" tag="880"><subfield code="6">264-03/$1</subfield><subfield code="a">東京</subfield><subfield code="b">岩波書店</subfield><subfield code="c">1977</subfield></datafield><datafield ind1=" " ind2=" " tag="300"><subfield code="a">544 p.</subfield><subfield code="b">ill.</subfield><subfield code="c">22 cm</subfield></datafield><datafield ind1=" " ind2=" " tag="336"><subfield code="b">txt</subfield><subfield code="2">rdacontent</subfield></datafield><datafield ind1=" " ind2=" " tag="337"><subfield code="b">n</subfield><subfield code="2">rdamedia</subfield></datafield><datafield ind1=" " ind2=" " tag="338"><subfield code="b">nc</subfield><subfield code="2">rdacarrier</subfield></datafield><datafield ind1="1" ind2=" " tag="490"><subfield code="6">880-04</subfield><subfield code="a">Nihon koten bungaku taikei</subfield><subfield code="v">46</subfield></datafield><datafield ind1="0" ind2=" " tag="880"><subfield code="6">490-04/$1</subfield><subfield code="a">日本古典文学大系</subfield><subfield code="v">46</subfield></datafield><datafield ind1="1" ind2="0" tag="600"><subfield code="a">Matsuo, Bashō</subfield><subfield code="d">1644-1694</subfield></datafield><datafield ind1="1" ind2=" " tag="700"><subfield code="6">880-05</subfield><subfield code="a">Sugiura, Shōichirō</subfield><subfield code="d">1911-1957</subfield><subfield code="0">(IDREF)114520879</subfield></datafield><datafield ind1="1" ind2=" " tag="880"><subfield code="6">700-05/$1</subfield><subfield code="a">杉浦正一郎</subfield><subfield code="d">1911-1957</subfield></datafield><datafield ind1="1" ind2=" " tag="700"><subfield code="6">880-06</subfield><subfield code="a">Miyamoto, Saburō</subfield><subfield code="d">1911-1980</subfield><subfield code="0">(IDREF)228888824</subfield></datafield><datafield ind1="1" ind2=" " tag="880"><subfield code="6">700-06/$1</subfield><subfield code="a">宮本三郎</subfield><subfield code="d">1911-</subfield></datafield><datafield ind1="1" ind2=" " tag="700"><subfield code="6">880-07</subfield><subfield code="a">Ogino, Kiyoshi</subfield><subfield code="d">1906-1960</subfield><subfield code="0">(IDREF)228889014</subfield></datafield><datafield ind1="1" ind2=" " tag="880"><subfield code="6">700-07/$1</subfield><subfield code="a">荻野清</subfield><subfield code="d">1904-1960</subfield></datafield><datafield ind1=" " ind2="0" tag="830"><subfield code="6">880-09</subfield><subfield code="a">Nihon koten bungaku taikei</subfield><subfield code="v">46</subfield><subfield code="w">(RERO)R007322520-41slsp</subfield></datafield><datafield ind1=" " ind2="0" tag="880"><subfield code="6">830-09</subfield><subfield code="a">日本古典文学大系</subfield><subfield code="v">46</subfield></datafield><datafield ind1=" " ind2=" " tag="900"><subfield code="a">REROnoselfmerge</subfield></datafield></record>
</metadata></record>