<record><header><identifier>oai:alma.41SLSP_UGE:991000015039705502</identifier><datestamp>2023-03-01T01:08:53Z</datestamp><setSpec>uge_bcen_RapidILL_BOOK</setSpec><setSpec>uge_aaca_RapidILL_BOOK</setSpec><setSpec>uge_abels_RapidILL_BOOK</setSpec><setSpec>uge_dbu_RapidILL_BOOK</setSpec><setSpec>uge_cmu_RapidILL_BOOK</setSpec><setSpec>uge_mail_RapidILL_BOOK</setSpec><setSpec>UNIGE_ALL</setSpec><setSpec>uge_abbat_RapidILL_BOOK</setSpec><setSpec>uge_aobs_RapidILL_BOOK</setSpec><setSpec>uge_acar_RapidILL_BOOK</setSpec></header><metadata>
<record xmlns="http://www.loc.gov/MARC21/slim" xmlns:xsi="http://www.w3.org/2001/XMLSchema-instance" xsi:schemaLocation="http://www.loc.gov/MARC21/slim http://www.loc.gov/standards/marcxml/schema/MARC21slim.xsd"><leader>00963nam a2200265 c 4500</leader><controlfield tag="001">991000015039705502</controlfield><controlfield tag="005">20201225183801.0</controlfield><controlfield tag="008">931018s1885    fr ||||| |||| 00| ||fre d</controlfield><datafield ind1=" " ind2=" " tag="035"><subfield code="a">(swissbib)088063771-41slsp_network</subfield></datafield><datafield ind1=" " ind2=" " tag="035"><subfield code="a">088063771</subfield><subfield code="9">ExL</subfield></datafield><datafield ind1=" " ind2=" " tag="035"><subfield code="a">(RERO)1754710-41slsp</subfield></datafield><datafield ind1=" " ind2=" " tag="035"><subfield code="a">(EXLNZ-41SLSP_NETWORK)991071449099705501</subfield></datafield><datafield ind1=" " ind2=" " tag="040"><subfield code="a">RERO geuhim</subfield><subfield code="d">CH-ZuSLS</subfield></datafield><datafield ind1="1" ind2=" " tag="041"><subfield code="a">fre</subfield><subfield code="h">ger</subfield></datafield><datafield ind1=" " ind2="7" tag="072"><subfield code="a">ch</subfield><subfield code="2">rero</subfield></datafield><datafield ind1="0" ind2="0" tag="245"><subfield code="a">Tableaux servant à l'analyse chimique</subfield><subfield code="c">trad. de l'all. par Jean Krutwig.</subfield><subfield code="n">2e part</subfield><subfield code="p">Méthodes de recherche et de séparation des élément / publ. par Aug. Kekulé et Otto Wallach</subfield></datafield><datafield ind1=" " ind2=" " tag="250"><subfield code="a">2e éd. franç</subfield></datafield><datafield ind1=" " ind2="1" tag="264"><subfield code="a">Paris</subfield><subfield code="b">Savy</subfield><subfield code="c">1885</subfield></datafield><datafield ind1=" " ind2=" " tag="300"><subfield code="a">XVI tabl.</subfield><subfield code="c">25 cm</subfield></datafield><datafield ind1=" " ind2=" " tag="336"><subfield code="b">txt</subfield><subfield code="2">rdacontent</subfield></datafield><datafield ind1=" " ind2=" " tag="337"><subfield code="b">n</subfield><subfield code="2">rdamedia</subfield></datafield><datafield ind1=" " ind2=" " tag="338"><subfield code="b">nc</subfield><subfield code="2">rdacarrier</subfield></datafield><datafield ind1="1" ind2=" " tag="700"><subfield code="a">Kekulé, August</subfield><subfield code="d">1829-1896</subfield><subfield code="0">(IDREF)033951039</subfield></datafield><datafield ind1="1" ind2=" " tag="700"><subfield code="a">Wallach, Otto</subfield><subfield code="d">1847-1931</subfield><subfield code="0">(IDREF)034067914</subfield></datafield><datafield ind1=" " ind2=" " tag="830"><subfield code="a">Tableaux servant à l'analyse chimique</subfield><subfield code="v">2</subfield><subfield code="w">(RERO)1754685-41slsp</subfield></datafield><datafield ind1=" " ind2=" " tag="900"><subfield code="a">REROnoselfmerge</subfield></datafield></record>
</metadata></record>