<record><header><identifier>oai:alma.41SLSP_UGE:991000015349705502</identifier><datestamp>2024-01-19T01:22:16Z</datestamp><setSpec>uge_bcen_RapidILL_BOOK</setSpec><setSpec>uge_aaca_RapidILL_BOOK</setSpec><setSpec>uge_abels_RapidILL_BOOK</setSpec><setSpec>uge_dbu_RapidILL_BOOK</setSpec><setSpec>uge_cmu_RapidILL_BOOK</setSpec><setSpec>uge_mail_RapidILL_BOOK</setSpec><setSpec>uge_abbat_RapidILL_BOOK</setSpec><setSpec>UNIGE_ALL</setSpec><setSpec>uge_aobs_RapidILL_BOOK</setSpec><setSpec>uge_acar_RapidILL_BOOK</setSpec></header><metadata>
<record xmlns="http://www.loc.gov/MARC21/slim" xmlns:xsi="http://www.w3.org/2001/XMLSchema-instance" xsi:schemaLocation="http://www.loc.gov/MARC21/slim http://www.loc.gov/standards/marcxml/schema/MARC21slim.xsd"><leader>01485nam a2200397 c 4500</leader><controlfield tag="001">991000015349705502</controlfield><controlfield tag="005">20240118173030.0</controlfield><controlfield tag="008">201012s2014    fr            00| | fre  </controlfield><datafield ind1=" " ind2=" " tag="020"><subfield code="a">9782246854975</subfield><subfield code="q">luxe</subfield></datafield><datafield ind1=" " ind2=" " tag="020"><subfield code="a">9782246852032</subfield><subfield code="q">broché</subfield></datafield><datafield ind1="7" ind2=" " tag="024"><subfield code="a">http://catalogue.bnf.fr/ark:/12148/cb438600595</subfield><subfield code="2">uri</subfield></datafield><datafield ind1=" " ind2=" " tag="035"><subfield code="a">(swissbib)235800740-41slsp_network</subfield></datafield><datafield ind1=" " ind2=" " tag="035"><subfield code="a">235800740</subfield><subfield code="9">ExL</subfield></datafield><datafield ind1=" " ind2=" " tag="035"><subfield code="a">(IDSSG)000663725HSB01</subfield></datafield><datafield ind1=" " ind2=" " tag="035"><subfield code="a">(IDSBB)006290629DSV01</subfield></datafield><datafield ind1=" " ind2=" " tag="035"><subfield code="a">(RERO)R007798147-41slsp</subfield></datafield><datafield ind1=" " ind2=" " tag="035"><subfield code="a">(EXLNZ-41SLSP_NETWORK)991062221649705501</subfield></datafield><datafield ind1=" " ind2=" " tag="040"><subfield code="a">SzZuIDS HSG</subfield><subfield code="b">ger</subfield><subfield code="e">kids</subfield><subfield code="d">CH-ZuSLS</subfield></datafield><datafield ind1=" " ind2="7" tag="072"><subfield code="a">fl</subfield><subfield code="2">SzZuIDS BS/BE</subfield></datafield><datafield ind1=" " ind2="7" tag="072"><subfield code="a">fr</subfield><subfield code="2">rero</subfield></datafield><datafield ind1="1" ind2="4" tag="082"><subfield code="a">840</subfield><subfield code="2">15</subfield></datafield><datafield ind1="1" ind2=" " tag="100"><subfield code="6">880-01</subfield><subfield code="a">Quignard, Pascal</subfield><subfield code="d">1948-</subfield><subfield code="0">(DE-588)119490684</subfield></datafield><datafield ind1="1" ind2=" " tag="880"><subfield code="6">100-01</subfield><subfield code="a">Quignard, Pascal</subfield><subfield code="d">1948-....</subfield><subfield code="0">(IDREF)027086267</subfield><subfield code="4">cre</subfield></datafield><datafield ind1="1" ind2="0" tag="245"><subfield code="a">Mourir de penser</subfield><subfield code="c">Pascal Quignard</subfield></datafield><datafield ind1=" " ind2="1" tag="264"><subfield code="a">Paris</subfield><subfield code="b">Grasset</subfield><subfield code="c">2014</subfield></datafield><datafield ind1=" " ind2=" " tag="300"><subfield code="a">221 p.</subfield><subfield code="c">21 cm</subfield></datafield><datafield ind1=" " ind2=" " tag="336"><subfield code="b">txt</subfield><subfield code="2">rdacontent</subfield></datafield><datafield ind1=" " ind2=" " tag="337"><subfield code="b">n</subfield><subfield code="2">rdamedia</subfield></datafield><datafield ind1=" " ind2=" " tag="338"><subfield code="b">nc</subfield><subfield code="2">rdacarrier</subfield></datafield><datafield ind1="1" ind2=" " tag="490"><subfield code="a">Dernier royaume / Pascal Quignard</subfield><subfield code="v">9</subfield></datafield><datafield ind1="0" ind2=" " tag="490"><subfield code="a">Collection littéraire</subfield></datafield><datafield ind1="8" ind2=" " tag="520"><subfield code="a">Essai</subfield><subfield code="5">RERO/necfbv/11.2014/3558</subfield></datafield><datafield ind1="4" ind2=" " tag="856"><subfield code="u">https://tools.unisg.ch/url/hm00357446</subfield><subfield code="z">Inhaltsverzeichnis</subfield></datafield><datafield ind1="1" ind2=" " tag="800"><subfield code="a">Quignard, Pascal</subfield><subfield code="d">1948-....</subfield><subfield code="t">Dernier royaume</subfield><subfield code="v">9</subfield><subfield code="w">(RERO)R003248092-41slsp</subfield></datafield><datafield ind1="1" ind2=" " tag="800"><subfield code="a">Quignard, Pascal</subfield><subfield code="d">1948-</subfield><subfield code="t">Dernier royaume</subfield><subfield code="v">9</subfield><subfield code="w">(IDSSG)000264098HSB01</subfield></datafield><datafield ind1="1" ind2=" " tag="800"><subfield code="a">Quignard, Pascal</subfield><subfield code="d">1948-</subfield><subfield code="t">Dernier royaume</subfield><subfield code="v">9</subfield><subfield code="w">(IDSBB)002760264DSV01</subfield></datafield><datafield ind1=" " ind2=" " tag="949"><subfield code="a">https://tools.unisg.ch/url/hm00357446</subfield></datafield></record>
</metadata></record>