<record><header><identifier>oai:alma.41SLSP_UGE:991000014929705502</identifier><datestamp>2023-03-01T01:08:53Z</datestamp><setSpec>uge_bcen_RapidILL_BOOK</setSpec><setSpec>uge_aaca_RapidILL_BOOK</setSpec><setSpec>uge_abels_RapidILL_BOOK</setSpec><setSpec>uge_dbu_RapidILL_BOOK</setSpec><setSpec>uge_cmu_RapidILL_BOOK</setSpec><setSpec>uge_mail_RapidILL_BOOK</setSpec><setSpec>UNIGE_ALL</setSpec><setSpec>uge_abbat_RapidILL_BOOK</setSpec><setSpec>uge_aobs_RapidILL_BOOK</setSpec><setSpec>uge_acar_RapidILL_BOOK</setSpec></header><metadata>
<record xmlns="http://www.loc.gov/MARC21/slim" xmlns:xsi="http://www.w3.org/2001/XMLSchema-instance" xsi:schemaLocation="http://www.loc.gov/MARC21/slim http://www.loc.gov/standards/marcxml/schema/MARC21slim.xsd"><leader>02446nam a2200613 c 4500</leader><controlfield tag="001">991000014929705502</controlfield><controlfield tag="005">20201230224024.0</controlfield><controlfield tag="008">201011s1963    gw ||||| |||| 00| ||ger d</controlfield><datafield ind1=" " ind2=" " tag="035"><subfield code="a">(swissbib)225900750-41slsp_network</subfield></datafield><datafield ind1=" " ind2=" " tag="035"><subfield code="a">225900750</subfield><subfield code="9">ExL</subfield></datafield><datafield ind1=" " ind2=" " tag="035"><subfield code="a">(RERO)0344589-41slsp</subfield></datafield><datafield ind1=" " ind2=" " tag="035"><subfield code="a">(IDSBB)002035543DSV01</subfield></datafield><datafield ind1=" " ind2=" " tag="035"><subfield code="a">(NEBIS)005131696EBI01</subfield></datafield><datafield ind1=" " ind2=" " tag="035"><subfield code="a">(IDSLU)000941135ILU01</subfield></datafield><datafield ind1=" " ind2=" " tag="035"><subfield code="a">(EXLNZ-41SLSP_NETWORK)991123980149705501</subfield></datafield><datafield ind1=" " ind2=" " tag="040"><subfield code="a">RERO</subfield><subfield code="d">CH-ZuSLS</subfield></datafield><datafield ind1="1" ind2=" " tag="041"><subfield code="a">ger</subfield><subfield code="a">lat</subfield><subfield code="h">lat</subfield></datafield><datafield ind1=" " ind2="7" tag="072"><subfield code="a">hm</subfield><subfield code="2">rero</subfield></datafield><datafield ind1=" " ind2="7" tag="072"><subfield code="a">ga</subfield><subfield code="2">SzZuIDS BS/BE</subfield></datafield><datafield ind1="0" ind2="4" tag="082"><subfield code="a">266.0089918</subfield></datafield><datafield ind1="1" ind2="4" tag="082"><subfield code="a">900</subfield><subfield code="2">15</subfield></datafield><datafield ind1="0" ind2=" " tag="100"><subfield code="a">Helmoldus</subfield><subfield code="c">Bosoviensis</subfield><subfield code="d">ca. 1120-ca. 1177</subfield><subfield code="0">(RERO)A000079405</subfield><subfield code="4">cre</subfield><subfield code="6">880-01</subfield></datafield><datafield ind1="0" ind2=" " tag="880"><subfield code="a">Helmoldus</subfield><subfield code="c">Bosoviensis</subfield><subfield code="d">1120-1177</subfield><subfield code="0">(DE-588)100945546</subfield><subfield code="6">100-01</subfield></datafield><datafield ind1="1" ind2="0" tag="240"><subfield code="a">Chronica Slavorum</subfield></datafield><datafield ind1="1" ind2="0" tag="245"><subfield code="a">Slawenchronik</subfield><subfield code="b">= Helmoldi Presbyteri Bozoviensis Chronica slavorum</subfield><subfield code="c">ed. quam paraverat Bernhardus Schmeidler ; textum denuo comprimendum curavit Heinz Stoob</subfield></datafield><datafield ind1="1" ind2="1" tag="246"><subfield code="a">Helmoldi presbyteri Bozoviensis Chronica Slavorum</subfield></datafield><datafield ind1=" " ind2="1" tag="264"><subfield code="a">Darmstadt</subfield><subfield code="b">Wissenschaftliche Buchgesellschaft</subfield><subfield code="c">1963</subfield></datafield><datafield ind1=" " ind2=" " tag="300"><subfield code="a">XIII, 399 p.</subfield><subfield code="c">23 cm</subfield></datafield><datafield ind1=" " ind2=" " tag="336"><subfield code="b">txt</subfield><subfield code="2">rdacontent</subfield></datafield><datafield ind1=" " ind2=" " tag="337"><subfield code="b">n</subfield><subfield code="2">rdamedia</subfield></datafield><datafield ind1=" " ind2=" " tag="338"><subfield code="b">nc</subfield><subfield code="2">rdacarrier</subfield></datafield><datafield ind1="1" ind2=" " tag="490"><subfield code="a">Ausgewählte Quellen zur deutschen Geschichte des Mitellalters</subfield><subfield code="v">Bd. 19</subfield></datafield><datafield ind1=" " ind2=" " tag="500"><subfield code="a">Texte latin et trad. allemande en regard</subfield></datafield><datafield ind1=" " ind2=" " tag="500"><subfield code="a">Originaltitel: Chronica Slavorum</subfield></datafield><datafield ind1=" " ind2=" " tag="500"><subfield code="a">Lat.-dt. Paralleltext</subfield></datafield><datafield ind1=" " ind2="7" tag="648"><subfield code="a">Geschichte</subfield><subfield code="2">gnd</subfield></datafield><datafield ind1=" " ind2="7" tag="648"><subfield code="a">Geschichte 800-1170</subfield><subfield code="2">gnd</subfield></datafield><datafield ind1=" " ind2="7" tag="650"><subfield code="a">Deutsche Ostsiedlung</subfield><subfield code="0">(DE-588)4130328-3</subfield><subfield code="2">gnd</subfield></datafield><datafield ind1=" " ind2="7" tag="650"><subfield code="a">Mission</subfield><subfield code="0">(DE-588)4039567-4</subfield><subfield code="2">gnd</subfield></datafield><datafield ind1=" " ind2="7" tag="650"><subfield code="a">Slawen</subfield><subfield code="0">(DE-588)4077491-0</subfield><subfield code="2">gnd</subfield></datafield><datafield ind1=" " ind2="7" tag="650"><subfield code="a">Westslawen</subfield><subfield code="0">(DE-588)4065824-7</subfield><subfield code="2">gnd</subfield></datafield><datafield ind1=" " ind2="7" tag="655"><subfield code="a">Quelle</subfield><subfield code="2">gnd-content</subfield></datafield><datafield ind1=" " ind2=" " tag="690"><subfield code="a">Osteuropa allgemein</subfield><subfield code="2">uzb-ZA</subfield></datafield><datafield ind1=" " ind2=" " tag="690"><subfield code="a">600 700 800 900 1000 1100 1200</subfield><subfield code="2">uzb-ZA</subfield></datafield><datafield ind1=" " ind2=" " tag="690"><subfield code="a">Quellen</subfield><subfield code="2">uzb-ZA</subfield></datafield><datafield ind1=" " ind2=" " tag="690"><subfield code="a">Slaven</subfield><subfield code="2">uzb-ZA</subfield></datafield><datafield ind1=" " ind2=" " tag="690"><subfield code="a">Slawenchronik</subfield><subfield code="2">rzs-KK</subfield></datafield><datafield ind1="1" ind2=" " tag="700"><subfield code="a">Schmeidler, Bernhard</subfield><subfield code="d">1879-1959</subfield><subfield code="0">(IDREF)033186332</subfield></datafield><datafield ind1="1" ind2=" " tag="700"><subfield code="a">Stoob, Heinz</subfield><subfield code="d">1919-1997</subfield><subfield code="0">(DE-588)11875565X</subfield><subfield code="6">880-03</subfield></datafield><datafield ind1="1" ind2=" " tag="880"><subfield code="6">700-03</subfield><subfield code="a">Stoob, Heinz</subfield><subfield code="d">1919-1997</subfield><subfield code="0">(IDREF)028581989</subfield></datafield><datafield ind1=" " ind2=" " tag="830"><subfield code="a">Ausgewählte Quellen zur deutschen Geschichte des Mittelalters</subfield><subfield code="v">19</subfield><subfield code="w">(IDSLU)000162007ILU01</subfield></datafield><datafield ind1=" " ind2=" " tag="830"><subfield code="a">Ausgewählte Quellen zur deutschen Geschichte des Mittelalters</subfield><subfield code="v">19</subfield><subfield code="w">(IDSBB)000020773DSV01</subfield></datafield><datafield ind1=" " ind2=" " tag="900"><subfield code="a">REROnoselfmerge</subfield></datafield><datafield ind1=" " ind2=" " tag="900"><subfield code="a">IDSZ2MedeaOEG</subfield></datafield><datafield ind1=" " ind2=" " tag="911"><subfield code="a">Helmold, Chronist, um 1118-1177</subfield></datafield></record>
</metadata></record>