<record><header><identifier>oai:alma.41SLSP_UGE:991000014949705502</identifier><datestamp>2023-07-13T00:17:37Z</datestamp><setSpec>uge_bcen_RapidILL_BOOK</setSpec><setSpec>uge_aaca_RapidILL_BOOK</setSpec><setSpec>uge_abels_RapidILL_BOOK</setSpec><setSpec>uge_dbu_RapidILL_BOOK</setSpec><setSpec>uge_cmu_RapidILL_BOOK</setSpec><setSpec>uge_mail_RapidILL_BOOK</setSpec><setSpec>uge_abbat_RapidILL_BOOK</setSpec><setSpec>UNIGE_ALL</setSpec><setSpec>uge_acar_RapidILL_BOOK</setSpec><setSpec>uge_aobs_RapidILL_BOOK</setSpec></header><metadata>
<record xmlns="http://www.loc.gov/MARC21/slim" xmlns:xsi="http://www.w3.org/2001/XMLSchema-instance" xsi:schemaLocation="http://www.loc.gov/MARC21/slim http://www.loc.gov/standards/marcxml/schema/MARC21slim.xsd"><leader>01196ncm a2200265 c 4500</leader><controlfield tag="001">991000014949705502</controlfield><controlfield tag="005">20230712152051.0</controlfield><controlfield tag="008">960312m19561957gw ||u||            ger d</controlfield><datafield ind1="3" ind2="2" tag="028"><subfield code="a">BA 5006</subfield></datafield><datafield ind1=" " ind2=" " tag="035"><subfield code="a">(swissbib)09102465X-41slsp_network</subfield></datafield><datafield ind1=" " ind2=" " tag="035"><subfield code="a">09102465X</subfield><subfield code="9">ExL</subfield></datafield><datafield ind1=" " ind2=" " tag="035"><subfield code="a">(RERO)2169367-41slsp</subfield></datafield><datafield ind1=" " ind2=" " tag="035"><subfield code="a">(EXLNZ-41SLSP_NETWORK)991138210319705501</subfield></datafield><datafield ind1=" " ind2=" " tag="040"><subfield code="a">RERO larero</subfield><subfield code="d">CH-ZuSLS</subfield></datafield><datafield ind1=" " ind2="7" tag="072"><subfield code="a">mu</subfield><subfield code="2">rero</subfield></datafield><datafield ind1="1" ind2=" " tag="100"><subfield code="a">Bach, Johann Sebastian</subfield><subfield code="d">1685-1750</subfield><subfield code="0">(IDREF)026699656</subfield><subfield code="4">cre</subfield></datafield><datafield ind1="1" ind2="0" tag="245"><subfield code="a">Neue Ausgabe sämtlicher Werke</subfield><subfield code="c">Johann Sebastian Bach ; hrsg. vom Johann-Sebastian-Bach-Institut Göttingen und vom Bach-Archiv Leipzig.</subfield><subfield code="n">Serie 1</subfield><subfield code="p">Kantaten.</subfield><subfield code="n">Bd. 7</subfield><subfield code="p">Kantaten zu den Sonntagen Septuagesimae und Sexagesimae BWV 144, 84, 92, 18 (Weimarer und Leipziger Fassungen), 181, 126 / hrsg. von Werner Neumann</subfield></datafield><datafield ind1=" " ind2="1" tag="264"><subfield code="a">Kassel</subfield><subfield code="a">Basel</subfield><subfield code="b">Bärenreiter</subfield><subfield code="c">1956-1957</subfield></datafield><datafield ind1=" " ind2=" " tag="300"><subfield code="a">2 vol.</subfield><subfield code="c">33 et 25 cm</subfield></datafield><datafield ind1=" " ind2=" " tag="336"><subfield code="b">ntm</subfield><subfield code="2">rdacontent</subfield></datafield><datafield ind1=" " ind2=" " tag="337"><subfield code="b">n</subfield><subfield code="2">rdamedia</subfield></datafield><datafield ind1=" " ind2=" " tag="338"><subfield code="b">nc</subfield><subfield code="2">rdacarrier</subfield></datafield><datafield ind1="1" ind2=" " tag="700"><subfield code="a">Neumann, Werner</subfield><subfield code="d">1905-1991</subfield><subfield code="0">(RERO)A012312131</subfield></datafield><datafield ind1="1" ind2=" " tag="800"><subfield code="a">Bach, Johann Sebastian</subfield><subfield code="t">Neue Ausgabe sämtlicher Werke</subfield><subfield code="v">1,7</subfield></datafield><datafield ind1="1" ind2=" " tag="800"><subfield code="a">Bach, Johann Sebastian</subfield><subfield code="t">Neue Ausgabe sämtlicher Werke</subfield><subfield code="v">1,7</subfield><subfield code="w">(RERO)0141430-41slsp</subfield></datafield><datafield ind1=" " ind2=" " tag="900"><subfield code="a">REROnoselfmerge</subfield></datafield><datafield ind1=" " ind2=" " tag="960"><subfield code="2">matmu</subfield><subfield code="a">Allemagne ; XVII-XVIIIe ; Baroque ; cantates</subfield><subfield code="9">LOCAL</subfield></datafield></record>
</metadata></record>