<record><header><identifier>oai:alma.41SLSP_UGE:991000015049705502</identifier><datestamp>2023-03-01T01:08:53Z</datestamp><setSpec>uge_bcen_RapidILL_BOOK</setSpec><setSpec>uge_aaca_RapidILL_BOOK</setSpec><setSpec>uge_abels_RapidILL_BOOK</setSpec><setSpec>uge_dbu_RapidILL_BOOK</setSpec><setSpec>uge_cmu_RapidILL_BOOK</setSpec><setSpec>uge_mail_RapidILL_BOOK</setSpec><setSpec>UNIGE_ALL</setSpec><setSpec>uge_abbat_RapidILL_BOOK</setSpec><setSpec>uge_acar_RapidILL_BOOK</setSpec><setSpec>uge_aobs_RapidILL_BOOK</setSpec></header><metadata>
<record xmlns="http://www.loc.gov/MARC21/slim" xmlns:xsi="http://www.w3.org/2001/XMLSchema-instance" xsi:schemaLocation="http://www.loc.gov/MARC21/slim http://www.loc.gov/standards/marcxml/schema/MARC21slim.xsd"><leader>01779nam a2200565 c 4500</leader><controlfield tag="001">991000015049705502</controlfield><controlfield tag="005">20230224182610.0</controlfield><controlfield tag="008">201011s1979    xxu||||| |||| 00| ||eng d</controlfield><datafield ind1=" " ind2=" " tag="020"><subfield code="a">0890042357</subfield></datafield><datafield ind1=" " ind2=" " tag="020"><subfield code="a">9780890042359</subfield></datafield><datafield ind1=" " ind2=" " tag="035"><subfield code="a">(swissbib)229303595-41slsp_network</subfield></datafield><datafield ind1=" " ind2=" " tag="035"><subfield code="a">229303595</subfield><subfield code="9">ExL</subfield></datafield><datafield ind1=" " ind2=" " tag="035"><subfield code="a">(RERO)0464704-41slsp</subfield></datafield><datafield ind1=" " ind2=" " tag="035"><subfield code="a">(NEBIS)003096247EBI01</subfield></datafield><datafield ind1=" " ind2=" " tag="035"><subfield code="a">(OCoLC)299352902</subfield></datafield><datafield ind1=" " ind2=" " tag="035"><subfield code="a">(EXLNZ-41SLSP_NETWORK)991101277129705501</subfield></datafield><datafield ind1=" " ind2=" " tag="040"><subfield code="a">RERO</subfield><subfield code="d">CH-ZuSLS</subfield></datafield><datafield ind1=" " ind2="7" tag="072"><subfield code="a">me</subfield><subfield code="2">rero</subfield></datafield><datafield ind1="0" ind2="0" tag="082"><subfield code="a">618.9/76/8</subfield></datafield><datafield ind1="1" ind2="4" tag="082"><subfield code="a">618.9768</subfield><subfield code="2">22</subfield></datafield><datafield ind1="0" ind2="0" tag="245"><subfield code="a">Sensory Systems and Communication in the Elderly</subfield><subfield code="c">J. Mark Ordy, Ken R. Brizzee</subfield></datafield><datafield ind1=" " ind2="1" tag="264"><subfield code="a">New York</subfield><subfield code="b">Raven Press</subfield><subfield code="c">[1979]</subfield></datafield><datafield ind1=" " ind2="4" tag="264"><subfield code="c">© 1979</subfield></datafield><datafield ind1=" " ind2=" " tag="300"><subfield code="a">XII, 322 p.</subfield><subfield code="b">ill.</subfield><subfield code="c">24 cm</subfield></datafield><datafield ind1=" " ind2=" " tag="336"><subfield code="b">txt</subfield><subfield code="2">rdacontent</subfield></datafield><datafield ind1=" " ind2=" " tag="337"><subfield code="b">n</subfield><subfield code="2">rdamedia</subfield></datafield><datafield ind1=" " ind2=" " tag="338"><subfield code="b">nc</subfield><subfield code="2">rdacarrier</subfield></datafield><datafield ind1="1" ind2=" " tag="490"><subfield code="a">Aging</subfield><subfield code="v">vol. 10</subfield></datafield><datafield ind1=" " ind2=" " tag="500"><subfield code="a">Includes bibliographies and index</subfield></datafield><datafield ind1=" " ind2="2" tag="650"><subfield code="a">Aging</subfield></datafield><datafield ind1=" " ind2="2" tag="650"><subfield code="a">Communication</subfield></datafield><datafield ind1=" " ind2="2" tag="650"><subfield code="a">Sense Organs</subfield></datafield><datafield ind1=" " ind2="2" tag="650"><subfield code="a">Aged</subfield></datafield><datafield ind1=" " ind2="7" tag="650"><subfield code="a">communication - troubles</subfield><subfield code="0">(RERO)A010067053</subfield><subfield code="2">rerovoc</subfield></datafield><datafield ind1=" " ind2="7" tag="650"><subfield code="a">sens (physiologie)</subfield><subfield code="0">(RERO)A009968742</subfield><subfield code="2">rerovoc</subfield></datafield><datafield ind1=" " ind2="7" tag="650"><subfield code="a">Vieillissement</subfield><subfield code="0">(IDREF)027346811</subfield><subfield code="2">idref</subfield></datafield><datafield ind1=" " ind2="7" tag="650"><subfield code="a">Altern</subfield><subfield code="0">(DE-588)4068596-2</subfield><subfield code="2">gnd</subfield></datafield><datafield ind1=" " ind2="0" tag="650"><subfield code="a">Communicative disorders</subfield></datafield><datafield ind1=" " ind2="0" tag="650"><subfield code="a">Geriatrics</subfield></datafield><datafield ind1=" " ind2="0" tag="650"><subfield code="a">Sense organs</subfield></datafield><datafield ind1=" " ind2="0" tag="650"><subfield code="a">Sense organs</subfield><subfield code="x">Aging</subfield></datafield><datafield ind1=" " ind2="0" tag="650"><subfield code="a">Senses and sensation</subfield></datafield><datafield ind1=" " ind2="7" tag="655"><subfield code="a">[Études diverses]</subfield><subfield code="0">(RERO)A022249905</subfield><subfield code="2">rero</subfield></datafield><datafield ind1=" " ind2=" " tag="690"><subfield code="a">Sinnesorgan</subfield><subfield code="2">uzb-Z9</subfield></datafield><datafield ind1="1" ind2=" " tag="700"><subfield code="a">Ordy, J.M.</subfield></datafield><datafield ind1="1" ind2=" " tag="700"><subfield code="a">Ordy, J. Mark</subfield><subfield code="0">(IDREF)084000279</subfield></datafield><datafield ind1="1" ind2=" " tag="700"><subfield code="a">Brizzee, Kenneth R</subfield><subfield code="0">(RERO)A003045068</subfield></datafield><datafield ind1=" " ind2="0" tag="830"><subfield code="a">Aging</subfield><subfield code="p">New York</subfield><subfield code="v">10</subfield><subfield code="w">(RERO)0464637-41slsp</subfield></datafield><datafield ind1=" " ind2="0" tag="830"><subfield code="a">Aging</subfield><subfield code="v">10</subfield><subfield code="w">(NEBIS)000924045EBI01</subfield></datafield><datafield ind1=" " ind2=" " tag="900"><subfield code="a">REROnoselfmerge</subfield></datafield><datafield ind1=" " ind2=" " tag="900"><subfield code="a">IDSZRMedeaZBZ</subfield></datafield></record>
</metadata></record>