<record><header><identifier>oai:alma.41SLSP_UGE:991000014529705502</identifier><datestamp>2024-10-05T00:10:16Z</datestamp><setSpec>uge_bcen_RapidILL_BOOK</setSpec><setSpec>uge_aaca_RapidILL_BOOK</setSpec><setSpec>uge_abels_RapidILL_BOOK</setSpec><setSpec>uge_dbu_RapidILL_BOOK</setSpec><setSpec>uge_cmu_RapidILL_BOOK</setSpec><setSpec>uge_mail_RapidILL_BOOK</setSpec><setSpec>uge_abbat_RapidILL_BOOK</setSpec><setSpec>UNIGE_ALL</setSpec><setSpec>uge_acar_RapidILL_BOOK</setSpec><setSpec>uge_aobs_RapidILL_BOOK</setSpec></header><metadata>
<record xmlns="http://www.loc.gov/MARC21/slim" xmlns:xsi="http://www.w3.org/2001/XMLSchema-instance" xsi:schemaLocation="http://www.loc.gov/MARC21/slim http://www.loc.gov/standards/marcxml/schema/MARC21slim.xsd"><leader>01695nam a2200409 c 4500</leader><controlfield tag="001">991000014529705502</controlfield><controlfield tag="005">20241004183905.0</controlfield><controlfield tag="008">201012s1979    ne ||||| |||| 00| ||eng d</controlfield><datafield ind1=" " ind2=" " tag="020"><subfield code="a">0444801596</subfield></datafield><datafield ind1=" " ind2=" " tag="035"><subfield code="a">(swissbib)238497623-41slsp_network</subfield></datafield><datafield ind1=" " ind2=" " tag="035"><subfield code="a">238497623</subfield><subfield code="9">ExL</subfield></datafield><datafield ind1=" " ind2=" " tag="035"><subfield code="a">(RERO)0834470-41slsp</subfield></datafield><datafield ind1=" " ind2=" " tag="035"><subfield code="a">(NEBIS)000189204EBI01</subfield></datafield><datafield ind1=" " ind2=" " tag="035"><subfield code="a">(EXLNZ-41SLSP_NETWORK)991011158239705501</subfield></datafield><datafield ind1=" " ind2=" " tag="040"><subfield code="a">RERO geussc</subfield><subfield code="d">CH-ZuSLS</subfield></datafield><datafield ind1=" " ind2="7" tag="072"><subfield code="a">ch</subfield><subfield code="2">rero</subfield></datafield><datafield ind1="0" ind2="0" tag="082"><subfield code="a">616.3/99</subfield><subfield code="2">18</subfield></datafield><datafield ind1="0" ind2="4" tag="082"><subfield code="a">616.3</subfield><subfield code="2">18</subfield></datafield><datafield ind1="0" ind2="0" tag="245"><subfield code="a">Chemical porphyria in man</subfield><subfield code="b">the diagnosis and occurrence of chronic hepatic porphyria in man caused by halogenated aromatics ...</subfield><subfield code="c">ed. by J.J.T.W.A. Strik and J.H. Koeman</subfield></datafield><datafield ind1=" " ind2="1" tag="264"><subfield code="a">Amsterdam [etc.]</subfield><subfield code="b">Elsevier / North-Holland Biomedical Press</subfield><subfield code="c">1979</subfield></datafield><datafield ind1=" " ind2=" " tag="300"><subfield code="a">XIII, 236 p.</subfield><subfield code="c">25 cm</subfield><subfield code="b">fig.; tab.; diagr.</subfield></datafield><datafield ind1=" " ind2=" " tag="336"><subfield code="b">txt</subfield><subfield code="2">rdacontent</subfield></datafield><datafield ind1=" " ind2=" " tag="337"><subfield code="b">n</subfield><subfield code="2">rdamedia</subfield></datafield><datafield ind1=" " ind2=" " tag="338"><subfield code="b">nc</subfield><subfield code="2">rdacarrier</subfield></datafield><datafield ind1=" " ind2="0" tag="650"><subfield code="a">Aromatic compounds</subfield><subfield code="x">Toxicology</subfield></datafield><datafield ind1=" " ind2="0" tag="650"><subfield code="a">Halocarbons</subfield><subfield code="x">Toxicology</subfield></datafield><datafield ind1=" " ind2="0" tag="650"><subfield code="a">Iron</subfield><subfield code="x">Metabolism</subfield><subfield code="x">Disorders</subfield></datafield><datafield ind1=" " ind2="0" tag="650"><subfield code="a">Liver</subfield><subfield code="x">Diseases</subfield></datafield><datafield ind1=" " ind2="0" tag="650"><subfield code="a">Porphyria</subfield></datafield><datafield ind1=" " ind2="7" tag="650"><subfield code="a">CHRONISCHE KRANKHEITEN</subfield><subfield code="9">ger</subfield><subfield code="0">(ETHUDK)000037839</subfield><subfield code="2">ethudk</subfield></datafield><datafield ind1=" " ind2="7" tag="650"><subfield code="a">LEBERVERGIFTUNG + HEPATOTOXIZITÄT (TOXIKOLOGIE)</subfield><subfield code="9">ger</subfield><subfield code="0">(ETHUDK)000040409</subfield><subfield code="2">ethudk</subfield></datafield><datafield ind1=" " ind2="7" tag="650"><subfield code="a">POLYCHLORIERTE BIPHENYLE + POLYBROMIERTE BIPHENYLE (UMWELTSCHADSTOFFE)</subfield><subfield code="9">ger</subfield><subfield code="0">(ETHUDK)000050044</subfield><subfield code="2">ethudk</subfield></datafield><datafield ind1=" " ind2="7" tag="650"><subfield code="a">PORPHYRINURIE + HÄMATOPORPHYRIE + PORPHYRIE (PATHOLOGIE)</subfield><subfield code="9">ger</subfield><subfield code="0">(ETHUDK)000027298</subfield><subfield code="2">ethudk</subfield></datafield><datafield ind1="1" ind2=" " tag="700"><subfield code="a">Strik, Johannes Jacob Theodorus Wilhelmus Antonius</subfield></datafield><datafield ind1="1" ind2=" " tag="700"><subfield code="a">Strik, J.J.T.W.A</subfield><subfield code="0">(RERO)A003870449</subfield></datafield><datafield ind1="1" ind2=" " tag="700"><subfield code="a">Koeman, J. H</subfield><subfield code="0">(RERO)A003464356</subfield></datafield><datafield ind1=" " ind2=" " tag="900"><subfield code="a">REROnoselfmerge</subfield></datafield><datafield ind1=" " ind2=" " tag="900"><subfield code="a">IDSZ2zbzmon201304rl</subfield><subfield code="c">IDSZ2gabr</subfield></datafield></record>
</metadata></record>